3120 4920
1416 208 1493 270 51

459 416 488 478 I
539 419 637 492 10,
669 419 747 478 15
782 418 1137 481 adverbium
1167 419 1571 496 „inopinato“
1617 417 1694 480 ab
1723 417 1771 481 J‘
1796 417 2095 480 traditum
2126 419 2451 480 minimam
2482 418 2668 479 habet

242 523 698 595 auctoritatem,
745 541 888 585 cum
935 541 1241 603 nusquam
1288 523 1432 584 alibi
1493 524 1644 586 insit
1686 523 1749 583 in
1797 523 1966 584 libris
2014 521 2250 584 Iustini.
2357 522 2666 602 Participii

234 633 457 692 autem
517 647 554 690 a
597 627 746 688 ΤΠ
797 628 1018 690 servati
1087 626 1135 707 (,
1144 628 1534 706 ‚inopinanti‘
1539 629 1589 706 ‘)
1652 627 1955 689 exsistunt
2000 627 2313 708 complura
2359 628 2663 708 exempla.

239 733 775 808 114‚19,5‚5‚
825 733 987 805 8,3;
1063 730 1470 806 V1113‚.15

456 891 518 954 II
564 893 624 963 9,
646 891 753 982 213
800 891 952 953 mihi
1001 891 1302 972 scriptura
1346 890 1510 952 ΤΠ.
1568 888 1786 968 „Victi
1830 889 2060 954 Persae
2104 893 2173 954 in
2218 910 2409 953 naves
2452 891 2664 970 confu-

227 1001 492 1078 gerunt,
561 987 650 1058 ex'
702 995 924 1076 quibus
979 995 1205 1058 multae
1273 1015 1745 1074 suppressae
1812 993 1905 1075 (J
1960 994 2370 1078 submersae),
2440 995 2665 1060 multae

233 1107 455 1180 captae
508 1105 700 1163 sant“
758 1101 1178 1182 praeponenda
1209 1119 1366 1164 -esse
1424 1100 1663 1163 videtur
1719 1102 1961 1182 propter
2012 1101 2416 1164 insolentiam.
2521 1101 2663 1162 Vim

234 1208 426 1281 enim,
475 1225 629 1288 quae
677 1207 774 1269 hic
819 1207 872 1268 ei
919 1206 1194 1269 subiecta
1240 1209 1354 1279 est,
1399 1206 1655 1268 verbum
1700 1205 2215 1284 „snpprimendi“
2260 1206 2447 1268 habet
2492 1224 2665 1286 prae-

232 1315 409 1376 terea
498 1313 683 1376 etiam
751 1312 814 1374 in
906 1311 1056 1373 Livii
1123 1313 1161 1372 l.
1221 1308 1398 1372 XXII
1460 1312 1573 1383 19;
1663 1309 1930 1374 XXVIII
1993 1312 2111 1383 30;
2206 1309 2496 1372 XXXVII
2564 1311 2659 1373 11.

233 1413 693 1495 „Sabmersae“
739 1420 898 1480 certe
944 1415 1359 1497 interpretatio
1407 1416 1606 1478 aliena
1652 1418 1765 1479 est.

454 1570 548 1636 ΙΙΙ
595 1577 652 1647 2,
709 1576 786 1636 10
849 1573 1070 1653 legitur
1130 1573 1204 1637 de
1261 1574 1566 1654 Lycurgo,
1625 1574 1966 1652 legislatore
2024 1571 2659 1646 Lacedaemoniorum,

233 1681 304 1743 in
349 1679 518 1742 ΤΠ;
583 1677 1091 1757 „Parsimoniam
1135 1677 1456 1741 omnibns“
1513 1679 1894 1761 (Spartiatis)
1956 1679 2203 1755 „suasit
2221 1729 2234 1752 ,
2294 1679 2663 1742 existimans

231 1783 498 1847 laborem
531 1784 786 1847 militiae
816 1805 857 1846 a
871 1782 954 1845 ds
968 1785 993 1846 i
1009 1783 1054 1844 d
1066 1803 1110 1844 n
1123 1805 1164 1845 a
1208 1781 1591 1863 fruyalitatis
1638 1783 2075 1846 consuetudine
2103 1781 2438 1860 faciliorem
2469 1781 2659 1861 fore“.

233 1889 537 1952 Ruehlius
584 1909 656 1951 ex
700 1889 741 1952 J
788 1887 1234 1951 restituendum
1289 1905 1422 1950 esse
1469 1887 1743 1968 putavit:
1800 1887 2210 1964 „adsidaae“.
2304 1887 2425 1950 Sed
2472 1889 2660 1950 nemi-

231 1991 411 2069 nem,
474 1994 590 2056 nisi
650 1994 848 2056 virum
905 1996 1345 2074 praeoccupato
1407 1993 1640 2064 anime,
1696 1993 2072 2074 praestantia
2132 1993 2464 2074 scripturae
2528 1991 2672 2053 ΤΠ

231 2099 500 2178 effugere
561 2102 790 2180 potest,
861 2117 1004 2161 cum
1062 2099 1236 2160 illum
1296 2098 1635 2176 genitivum
1698 2097 2091 2175 „adsidaae“
2161 2099 2291 2160 sine
2349 2097 2532 2160 dubio
2592 2104 2694 2161 ex·

233 2205 526 2285 proximis
574 2204 857 2282 genitivis
903 2207 1108 2265 ortum
1155 2221 1287 2266 esse
1335 2205 1560 2283 pateat.

452 2361 537 2423 IV
586 2362 642 2435 4,
679 2363 718 2424 4
777 2362 1070 2443 praebent
1112 2359 1287 2423 ΤΠ;
1351 2359 1591 2438 „Brevi
1646 2364 1791 2439 post
1850 2364 2107 2440 tempere
2165 2364 2525 2424 revocato
2586 2362 2675 2425 ad

231 2471 480 2533 reatuin
507 2466 828 2531 Alcibiade
869 2468 991 2530 duo
1026 2466 1264 2545 proelia
1299 2468 1619 2546 pedestria
1664 2468 1939 2531 secanda
1970 2464 2201 2531 Nicias
2240 2471 2297 2529 et
2325 2465 2671 2531 Lamachos

231 2572 554 2651 faciant“,
601 2592 743 2635 cum
787 2573 829 2636 J
873 2573 1154 2635 exhibeat
1197 2576 1502 2649 „vocato“.
1585 2572 1707 2635 Sed
1752 2592 1897 2635 cum
1942 2573 2380 2639 contulerimus
2430 2572 2481 2632 V
2526 2574 2580 2645 1,
2605 2575 2666 2645 2,

237 2678 345 2740 ubi
376 2678 448 2741 de
479 2677 691 2741 eodem
735 2677 1047 2747 Alcibiade
1080 2677 1368 2741 refertur:
1415 2681 1891 2757 „revocatasqne
1924 2698 1967 2740 a
1994 2667 2145 2739 'bello
2182 2676 2271 2739 ad
2298 2676 2663 2755 iudicium“,

240 2783 314 2845 de
359 2802 500 2845 vera
547 2784 800 2846 lectione
847 2782 1126 2845 dubitare
1173 2802 1292 2845 non
1338 2783 1689 2864 poterimus,

445 2924 498 2985 V
545 2924 604 2997 4,
665 2925 700 2986 7
761 2923 1146 3006 pertractatis
1211 2924 1394 2985 rebus
1457 2922 1645 3001 gestis
1708 2922 2040 2985 Alcibiadis
2102 2923 2359 3002 scriptor
2420 2926 2661 2985 narrat:

238 3033 462 3108 „atque
527 3030 616 3091 ita
677 3030 898 3107 prisea
962 3026 1179 3091 navali
1252 3026 1451 3108 yloria
1516 3027 1858 3104 vindicata,
1927 3025 2169 3090 adiecta
2235 3028 2421 3089 etiam
2485 3027 2666 3090 laude

235 3138 440 3197 terre
455 3134 657 3197 stris
721 3132 856 3196 belli
869 3181 886 3210 ‚
957 3132 1347 3195 desideratas
1415 3131 1650 3195 civibus
1720 3134 1858 3195 sitis
1924 3128 2209 3195 Athenas
2273 3134 2660 3195 revertitur“.

240 3238 468 3317 Quanti
499 3239 580 3301 sit
627 3238 908 3302 habenda
949 3238 1250 3318 scriptura
1279 3237 1320 3300 J
1354 3238 1673 3315 „terrestri
1685 3242 1743 3315 ‘'‘,
1790 3237 1885 3299 vel
1917 3238 2044 3318 ipse
2082 3236 2399 3306 Ruehlius,
2442 3238 2546 3316 qui
2588 3237 2663 3299 ad

235 3362 375 3407 eam
420 3344 715 3407 tuendam
763 3342 991 3421 „belli“
1035 3343 1402 3405 vocabulum
1445 3342 1623 3405 uncis
1669 3342 2005 3415 incluserit,
2060 3341 2341 3403 ostendit.
2421 3341 2661 3405 Similia

235 3449 416 3511 illius
444 3449 692 3528 genitivi
731 3449 1005 3529 exempla
1045 3450 1234 3511 habes
1271 3448 1459 3511 etiam
1502 3446 1586 3510 VI
1618 3451 1677 3522 2,
1701 3450 1739 3510 8
1779 3446 2017 3529 „yloria
2046 3466 2257 3508 reram
2284 3450 2659 3525 qestarum“,

237 3551 360 3616 XII
419 3554 478 3627 6,
511 3553 550 3615 4
613 3552 1014 3632 „laudemque
1072 3556 1372 3630 paternae
1432 3552 1747 3630 militiae“,
1826 3551 1973 3615 XIV
2021 3554 2077 3627 3,
2113 3552 2152 3613 3
2220 3550 2519 3631 „moriam
2585 3555 2666 3614 tot

233 3658 558 3722 belloram“
607 3662 720 3721 etc.

408 3796 561 3861 VIII
608 3800 666 3873 2,
702 3801 759 3861 6.
839 3797 1250 3877 „Incredibile
1293 3801 1596 3878 quantam
1640 3819 1713 3861 ea
1758 3818 1859 3861 res
1904 3796 2077 3876 apud
2118 3814 2327 3859 omnes
2372 3798 2661 3859 nationes

234 3903 517 3985 Philemo
545 3980 550 3985 ⁸
578 3902 809 3985 qloriae
876 3903 1078 3981 dedit‚·
1145 3902 1318 3966 illum
1383 3903 1689 3967 vindicem
1755 3902 2065 3984 sacrileyii
2076 3952 2094 3981 ‚
2172 3900 2342 3965 illam
2410 3901 2661 3963 altorem

233 4008 634 4090 reliyionnm;
681 4009 843 4089 quod
884 4008 1045 4072 orbis
1087 4006 1323 4071 viribus
1369 4009 1618 4087 expiari
1662 4007 1953 4085 debuit,
2002 4007 2211 4085 solam,
2258 4008 2367 4087 qai
2405 4006 2660 4085 piacula

233 4116 512 4195 eoeiyeret,
547 4116 915 4177 exstitisse“.
989 4112 1088 4176 Sic
1119 4112 1276 4187 ΤΠ,
1321 4133 1464 4177 cum
1494 4114 1536 4177 J
1568 4114 1795 4178 habeat
1824 4111 2237 4191 „debuisset“.
2312 4112 2660 4175 Lectionem

234 4220 632 4301 posteriorem
678 4238 811 4283 esse
857 4218 1385 4299 interpolationem
1417 4218 1715 4282 Ruehlius
1747 4219 1877 4300 ipse
1912 4220 1975 4281 in
2004 4218 2325 4297 Textesqu.
2358 4236 2496 4299 pag.
2534 4218 2654 4279 101

2229 4337 2305 4390 4*
