3120 4920
1653 177 1734 238 32

690 386 874 448 Initio
926 385 1062 447 libri
1106 384 1284 465 primi
1329 383 1713 448 demonstrat
1756 385 2014 466 scriptor
2064 404 2237 464 reges
2283 403 2479 465 usque
2526 383 2605 447 ad
2647 383 2913 456 Ninum,

479 492 584 572 qui
631 492 913 572 Assyrios
971 490 1223 571 imperio
1268 491 1532 562 tenebat,
1592 493 1840 552 externa
1900 491 2056 554 bella
2102 510 2309 570 gerere
2354 491 2562 554 solitos
2607 509 2725 553 non
2767 508 2915 552 esse

475 601 714 679 praeter
755 597 1048 661 Vezosem
1107 596 1478 676 Aegypt-ium
1532 599 1595 658 ct
1651 595 1933 658 Tanaum
2000 595 2315 676 Scytham,
2378 596 2453 660 de
2510 596 2735 676 quibus
2798 593 2917 658 ad-

479 703 714 782 iungit:
797 750 826 784 „
842 699 967 764 Sed
1023 700 1358 781 lonqinqua
1373 751 1390 777 ‚
1458 719 1586 762 non
1642 700 1918 779 finitima
1974 699 2263 782 yerebant
2320 699 2470 764 bella
2530 701 2919 779 contentique

476 809 731 870 victoria
787 825 914 870 non
959 807 1286 885 imperium
1330 805 1467 883 sibi,
1527 806 1639 867 sed
1666 805 1917 884 popidis
1976 807 2115 868 suis
2154 805 2413 886 ytom'am
2458 804 2839 885 quaerebant
2856 804 2913 866 “.

479 913 574 975 Ita
631 912 822 976 edidit
883 912 1186 976 Ruehlius
1243 910 1583 974 secundum
1628 911 1689 983 J,
1744 915 2073 992 postquam
2133 912 2261 974 iam
2320 914 2501 976 antea
2562 911 2916 992 (Textesqu.

477 1037 614 1100 pag.
667 1017 814 1099 144)
879 1017 1247 1098 scripturam
1305 1016 1355 1078 T
1377 1019 1480 1078 11:
1567 1015 1739 1099 „Sed
1798 1016 2163 1098 hnyinqua,
2230 1036 2356 1079 non
2418 1016 2692 1095 finitima
2758 1015 2919 1078 bella

474 1122 762 1204 9ercbant
823 1141 936 1184 nce
996 1123 1323 1200 imperium
1383 1119 1532 1198 sibi,
1598 1121 1709 1184 scd
1759 1121 2009 1200 prumtis
2054 1123 2191 1184 suis
2233 1121 2489 1202 yloriam
2534 1119 2925 1201 quaerebant

393 1221 401 1226 “
478 1229 853 1308 contentique
897 1228 1152 1290 victoria
1196 1228 1451 1306 imperio
1494 1225 1923 1290 abstinebant“
1974 1228 2322 1290 coniectura
2353 1227 2587 1290 scribae
2618 1246 2689 1290 ex
2719 1227 2919 1288 inter-

478 1333 812 1414 pretatione
881 1333 1082 1395 aliena
1141 1335 1416 1395 exortam
1476 1351 1610 1395 esse
1676 1332 2073 1396 confirmavit.
2191 1330 2466 1395 Concedo
2528 1350 2675 1396 sane
2733 1351 2919 1395 voces

483 1440 782 1522 „imperio
837 1435 1267 1501 abstinebant“
1328 1437 1522 1518 primo
1582 1441 1833 1518 aspectu
1894 1438 2251 1516 languidam
2312 1437 2731 1518 repetitionem
2779 1457 2920 1499 ver-

481 1545 696 1607 borum
760 1562 917 1627 „nec
963 1544 1287 1621 imperium
1332 1541 1450 1606 sibi
1491 1541 1911 1622 quaerebant“
1972 1543 2161 1606 videri
2206 1561 2401 1624 posse.
2494 1541 2652 1605 Cum
2698 1545 2917 1634 autem

481 1650 827 1713 accuratius
881 1649 1298 1729 inspiciemUS,
1345 1653 1554 1711 tamen
1600 1647 2003 1712 differentiam
2049 1647 2362 1728 quandam
2407 1647 2564 1710 inter
2608 1649 2720 1710 has
2754 1648 2919 1710 duas

481 1754 914 1818 enuntiationis
976 1757 1181 1835 partes
1244 1772 1376 1816 esse
1433 1753 1867 1835 profitebimur.
1984 1752 2422 1833 Significantur
2480 1753 2648 1818 enim
2716 1754 2919 1816 altera

482 1860 687 1923 studia
748 1863 810 1923 et
864 1859 1116 1922 consilia
1176 1859 1416 1922 illorum
1474 1877 1716 1938 regum,
1776 1859 1998 1939 quibus
2058 1859 2225 1921 ducti
2286 1858 2448 1921 bella
2493 1859 2628 1920 aliis
2672 1859 2919 1939 populis

479 1965 838 2039 inferebant,
901 1965 1092 2028 altera
1150 1965 1418 2028 rationes
1475 1983 1686 2028 eorum
1750 1964 1905 2026 bello
1964 1962 2233 2026 confecto
2294 1966 2357 2025 et
2414 1964 2663 2026 victoria
2715 1967 2917 2045 parta.

485 2070 552 2134 Si
595 2071 748 2134 forte
795 2073 1008 2133 autem
1054 2069 1241 2132 alicui
1285 2071 1438 2133 haec
1483 2069 1939 2148 argumentatio
1982 2069 2171 2131 nimis
2200 2071 2421 2147 arguta
2450 2072 2637 2149 atque
2668 2069 2921 2149 spinosa

481 2175 723 2239 videtur
767 2194 928 2249 esse,
985 2175 1258 2238 conferat
1300 2174 1626 2237 XXXVIII
1670 2175 1729 2249 4,
1783 2175 1863 2236 14
1922 2193 2080 2256 „nec
2126 2175 2386 2254 oranius
2442 2175 2641 2238 vicino
2685 2172 2921 2237 Italiae

482 2279 622 2344 bello
665 2300 852 2361 quam
899 2279 1246 2343 domesticis
1277 2280 1644 2358 principum
1688 2277 2060 2357 factionibus
2103 2278 2312 2340 urbem
2345 2280 2567 2357 premi,
2613 2277 2923 2358 multoque

468 2385 880 2465 pericuksius
955 2386 1289 2448 accessisse
1363 2382 1579 2446 Italico
1654 2383 1825 2446 civile
1897 2382 2110 2446 bellum
2123 2381 2176 2462 α,
2251 2383 2354 2445 ubi
2430 2383 2577 2446 item
2652 2386 2920 2465 utroque

484 2492 784 2555 enuntiati
829 2492 1106 2554 membro
1154 2491 1368 2553 eadem
1417 2490 1721 2553 sententia
1766 2490 1854 2551 ita
1900 2492 2147 2552 tantum
2193 2492 2436 2552 mutata
2476 2508 2757 2570 expressa
2798 2494 2920 2565 est,

443 2601 554 2687 ‚ut
614 2598 902 2677 scriptor,
969 2596 1131 2677 quod
1188 2596 1375 2659 altero
1435 2614 1689 2675 neganS,
1754 2596 1942 2658 altero
2016 2594 2185 2656 aiens
2247 2594 2488 2658 diceret.
2594 2593 2714 2657 Sed
2772 2595 2922 2657 licet

485 2703 674 2765 etiam
733 2703 844 2765 hoc
890 2702 1234 2783 exemplum
1283 2702 1467 2763 alicui
1527 2700 1880 2781 persuaderi
1927 2718 2045 2761 non
2094 2700 2303 2779 possit,
2365 2700 2732 2780 scripturam
2776 2699 2929 2761 ΤΠ

484 2808 770 2890 praebere
817 2825 957 2869 vera
1003 2808 1185 2869 verba
1228 2805 1468 2879 Iustini,
1515 2808 1679 2869 certe
1708 2806 1774 2867 in
1805 2824 1874 2868 eo
1907 2806 2294 2879 assentietur,
2342 2806 2588 2867 etiamsi
2617 2805 2920 2868 vocabula

489 2913 786 2996 „imperio
829 2909 1259 2975 abstinebant“
1310 2912 1624 2974 annotatio
1671 2910 2026 2988 marginalis
2072 2910 2294 2972 iniuria
2331 2911 2524 2973 textui
2557 2911 2919 2991 interposita

485 3016 766 3081 ducenda
826 3017 967 3091 sint,
1027 3017 1428 3079 nihilominus
1494 3017 1620 3077 iam
1680 3015 1746 3077 in
1801 3015 2128 3095 archetypo
2171 3014 2215 3077 J
2227 3013 2278 3075 T
2296 3017 2393 3090 H,
2456 3015 2617 3078 sicut
2662 3018 2921 3096 apparet

486 3143 557 3187 ex
602 3122 662 3184 II
695 3124 754 3197 6,
792 3123 850 3192 1,
894 3122 1094 3196 verba,
1141 3122 1232 3183 uti
1278 3122 1566 3200 leguntur
1610 3120 1674 3181 in
1704 3120 1875 3193 TH,
1924 3122 2159 3183 exstare
2206 3120 2491 3201 potuisse.
2586 3118 2921 3205 Quaeritur

487 3227 684 3301 mod0,
730 3246 886 3290 num
932 3228 994 3290 et
1038 3229 1456 3290 commutatus
1491 3226 1633 3288 ordo
1668 3227 1992 3289 verborum
2038 3227 2101 3287 et
2137 3224 2386 3287 omissio
2417 3224 2663 3287 illarum
2695 3244 2917 3288 vocum

485 3334 550 3396 in
579 3333 623 3396 J
660 3332 864 3413 aliqua
909 3352 1052 3395 cum
1099 3332 1521 3413 probabilitate
1573 3329 1859 3411 explicari
1904 3332 2151 3409 queant.
2242 3329 2540 3410 Equidem
2588 3331 2716 3393 hoc·
2746 3332 2917 3393 nullo

487 3440 663 3518 pacto
724 3437 879 3500 effici
938 3456 1114 3518 posse
1174 3454 1347 3515 nego.
1453 3434 1737 3497 Fortasse
1798 3434 1963 3497 enim
2025 3433 2087 3496 in
2146 3432 2364 3509 codice,
2427 3453 2497 3498 ex
2553 3454 2672 3515 quo
2728 3435 2769 3499 J
2778 3435 2927 3497 ΤΠ

488 3542 780 3621 originem
826 3541 1078 3616 ducunt,
1125 3542 1213 3604 sic
1258 3541 1610 3620 legebatur:

2221 3641 2356 3693 bella

1003 3781 1032 3816 „
1051 3733 1176 3796 Sed
1229 3732 1595 3813 lonqinqua,
1659 3749 1785 3792 non
1846 3729 2119 3807 finitima
2160 3730 2450 3810 yerebant.

489 3857 601 3901 nec
644 3838 968 3916 imperium
1014 3837 1150 3914 sibi,
1198 3837 1308 3899 sed
1337 3835 1585 3915 populis
1639 3835 1775 3896 suis
1817 3832 2076 3914 ybriam
2118 3834 2495 3914 quaerebant

495 3942 743 4020 imperio
784 3940 1224 4004 abstinebant.“

2577 3798 2917 3866 contentique

2574 3884 2809 3938 victor-ia
2837 3902 2847 3913 ·

704 4081 900 4144 Facile
947 4082 1136 4161 igitur
1180 4082 1306 4144 fieri
1356 4081 1568 4161 potuit,
1630 4081 1702 4140 ut
1764 4078 2006 4140 librario
2055 4079 2362 4159 archetypi
2410 4080 2467 4151 J,
2528 4098 2670 4141 cum
2715 4080 2915 4141 verbis

496 4188 918 4270 „contentique
961 4185 1259 4249 victoria“
1309 4190 1444 4267 post
1492 4184 1733 4269 „bella“
1783 4182 1993 4262 positis
2038 4183 2099 4245 in
2147 4183 2537 4246 describendo
2588 4202 2785 4264 usque
2838 4184 2917 4245 ad
