3120 4920
1722 211 1972 307 12-—

546 423 804 498 tempore
863 422 934 482 in
985 416 1230 482 Oriente
1271 417 1482 481 bellum
1540 423 1789 500 gereret,
1843 418 2001 484 velut
2054 415 2213 482 ultor
2258 417 2541 497 publicae
2595 422 2981 497 securitatis,

547 529 901 605 expuynata
939 545 1147 586 eorum
1179 523 1326 586 urbe
1359 544 1586 602 omneS,
1624 526 1733 603 qui
1758 523 1987 602 proelio
2016 523 2474 602 superfuerant,
2514 523 2581 586 ob
2616 527 2982 588 memoriam

546 630 765 692 veteris
811 627 1140 692 sceleris
1184 629 1469 692 crucibus
1512 629 1800 708 adfixitf‘
1884 629 1999 690 Pro
2046 627 2376 705 „sceleris“
2422 630 2719 710 scriptum
2770 634 2875 692 est
2919 632 2979 692 in

417 744 420 747 '
547 733 589 797 J
599 734 745 795 ΤΠ
771 733 1064 811 ‚,caedis“
1096 734 1262 796 haud
1295 734 1478 796 dubie
1511 753 1583 796 ex
1612 735 2105 814 interpretatione
2136 733 2406 814 quadam
2438 733 2517 796 ad
2548 735 2979 814 explicandam

547 857 758 902 vocem
796 837 1087 917 „,scelus“
1133 839 1196 901 in
1241 841 1415 901 textu
1459 839 1773 920 archetypi
1818 839 2161 901 communis
2208 839 2482 919 apposita
2528 842 2827 902 exortum.

759 978 905 1040 XXI
933 979 990 1052 5,
1015 980 1047 1040 1
1077 979 1340 1058 legimus
1365 979 1426 1042 in
1455 977 1531 1042 C:
1566 977 1858 1056 „Interea
1880 976 2235 1058 Dionysius
2258 976 2593 1058 Syracusis
2622 982 2975 1058 receptis,

547 1103 683 1146 cum
727 1085 978 1163 yravior
1015 1083 1433 1163 crudeliorque
1477 1085 1548 1146 in
1586 1083 1719 1146 dies
1756 1085 1990 1146 civitati
2034 1087 2205 1160 esset,
2253 1085 2476 1146 iterata
2516 1085 2977 1160 conspiratione

545 1187 914 1266 obsidetur“,
968 1189 1031 1251 in
1078 1189 1291 1251 ceteris
1338 1189 1675 1252 codicibus:
1723 1191 2096 1268 ‚,receptus“.
2190 1187 2452 1251 Omnem
2500 1188 2973 1262 dubitationem,

553 1312 710 1374 quae
773 1294 852 1356 sit
910 1312 1052 1356 vera
1101 1293 1418 1374 scriptura,
1482 1294 1643 1355 tollit
1698 1293 1844 1354 XXI
1892 1294 1952 1367 3,
1986 1294 2067 1354 10
2128 1291 2269 1371 „Ibi
2322 1290 2673 1372 Syracusas
2734 1297 2977 1356 securis

553 1399 834 1461 omnibus
867 1402 1010 1477 post
1043 1397 1286 1479 lonyam
1322 1398 1844 1477 intercapedinem
1878 1400 2059 1476 pacis
2094 1417 2209 1478 per
2244 1398 2651 1476 proditionem
2684 1401 2976 1477 recepit.“

755 1537 934 1601 XXII
981 1540 1038 1612 2,
1075 1540 1114 1601 6
1159 1539 1224 1600 111
1262 1537 1308 1601 C
1355 1537 1673 1618 leguntur:
1722 1538 1909 1618 „Qua
1950 1557 2054 1616 spe
2098 1536 2364 1616 inpletus
2408 1534 2738 1600 Hamilcar
2784 1541 2973 1602 socie-

543 1647 726 1706 tatem
755 1664 893 1706 cum
925 1665 989 1706 eo
1019 1647 1280 1706 mutua
1293 1665 1324 1706 e
1355 1646 1670 1722 potentiae
1702 1644 1920 1723 iunyit,
1956 1646 2024 1704 ut
2053 1646 2356 1722 quantum
2390 1644 2617 1705 virium
2646 1640 2977 1723 Ayathocti

543 1748 847 1810 adversus
870 1747 1304 1828 Syracusanos
1335 1748 1622 1824 dedisset,
1654 1752 1895 1811 tantum
1924 1750 2055 1826 ipse
2084 1747 2173 1810 ad
2199 1750 2576 1810 incrementa
2607 1747 2973 1812 domesticae

535 1855 844 1934 potentiae
897 1855 1247 1932 reciperet“,
1317 1855 1378 1916 in
1423 1853 1462 1918 J
1481 1854 1565 1916 T:
1623 1857 1827 1931 „metu
1884 1855 2021 1916 eius
2061 1855 2432 1932 potentiae“,
2492 1853 2557 1916 in
2605 1855 2705 1915 11:
2766 1858 2974 1930 „metu

531 1960 845 2038 potentiae
903 1959 1099 2022 eius“.
1193 1960 1520 2040 Archetypi
1586 1958 1836 2021 secundi
1894 1958 2137 2038 generis
2197 1958 2477 2021 codicum
2544 1959 2738 2032 lectio,
2812 1977 2971 2040 quae

543 2064 673 2126 sine
715 2064 897 2126 dubio
931 2064 1191 2126 efficitur
1225 2065 1522 2145 scriptura
1565 2063 1607 2127 J
1620 2063 1686 2136 T,
1733 2065 1911 2144 plane
1950 2081 2233 2144 perversa
2278 2066 2388 2137 est,
2437 2062 2600 2144 quod
2644 2063 2747 2125 illa
2782 2065 2972 2126 verba

541 2187 790 2250 prorsus
841 2169 1190 2249 discrepant
1233 2187 1375 2232 oum
1429 2169 1709 2231 vocibus:
1771 2189 1938 2248 „qua
1988 2187 2093 2246 spe
2129 2167 2455 2246 inpletus“.
2535 2167 2699 2230 Nam
2735 2169 2807 2242 13,
2861 2171 2971 2249 qui

543 2277 766 2355 sperat,
813 2293 932 2337 11011
979 2275 1217 2337 metuit.
1309 2273 1573 2337 Omnino
1620 2274 1836 2336 deinde
1897 2274 2223 2336 abhorrent
2268 2291 2305 2335 a
2350 2273 2537 2336 totius
2592 2275 2970 2336 narrationis

541 2380 946 2443 cohaerentia.
1015 2377 1223 2442 Timor
1253 2379 1418 2442 enim
1449 2385 1613 2442 certe
1650 2398 1768 2441 non
1800 2379 2189 2450 Hamilcaris,
2232 2378 2339 2440 sed
2372 2379 2574 2459 potius
2607 2380 2969 2457 Agathoclis

541 2488 691 2559 erat,
728 2486 834 2566 qui
865 2504 902 2547 a
935 2485 1275 2548 Poenorum
1308 2486 1369 2547 vi
1399 2503 1721 2566 oppressus
1753 2486 1829 2548 ad
1862 2484 2083 2547 ducem
2120 2503 2331 2547 eorum
2366 2484 2481 2547 sibi
2511 2483 2972 2548 conciliandum

541 2591 823 2672 precibus
883 2609 1033 2653 usus
1079 2594 1256 2654 esset.
1347 2590 1516 2652 Nihil
1574 2590 1741 2653 aliud
1800 2592 2005 2653 autem
2071 2590 2222 2652 nisi:
2283 2592 2575 2667 „mutuae
2606 2592 2971 2667 potentiae“

543 2714 580 2759 a
626 2696 861 2759 Iustino
909 2696 1205 2777 scriptum
1253 2714 1385 2759 esse
1430 2696 1762 2758 ostendunt
1806 2696 1939 2758 luce
1984 2695 2207 2757 clarius
2253 2696 2436 2757 verba
2495 2697 2609 2772 „ut
2660 2700 2973 2773 quantum

541 2802 812 2864 virium“
861 2822 910 2865 e.
956 2821 1014 2882 q.
1063 2820 1128 2875 3.,
1175 2819 1332 2881 quae
1376 2802 1510 2881 ipsa
1556 2801 1865 2864 continent
1909 2800 2155 2863 illarum
2200 2818 2417 2863 vocum
2476 2800 2969 2881 explicationem.

751 2941 962 3003 XXIII
1008 2942 1159 3025 2,1,
1217 2941 1326 3003 ubi
1385 2959 1585 3005 sermo
1646 2946 1741 3004 est
1800 2942 1875 3004 de
1931 2940 2280 3020 Agathoclis
2348 2940 2427 3002 ad
2494 2942 2972 3021 compescendos

541 3039 817 3109 Bruttios
887 3050 950 3110 et
1015 3046 1167 3110 fines
1236 3047 1406 3126 regni
1471 3047 1568 3110 3111
1634 3046 2049 3127 propagandos
2106 3046 2173 3107 111
2231 3028 2479 3108 Italiam
2536 3046 2726 3119 aditu,
2790 3046 2855 3109 in
2918 3046 2971 3110 C

541 3152 840 3238 scriptum
901 3152 1279 3215 invenimus:
1342 3149 1806 3230 „Principio
1871 3151 2282 3230 opinionis
2342 3150 2733 3214 adventus
2790 3154 2975 3215 eius

539 3258 823 3320 concussi
860 3255 1083 3337 leqatos
1116 3256 1207 3320 ad
1235 3276 1376 3321 eum
1420 3259 1758 3320 societatem
1802 3258 2257 3335 amicitiamque
2293 3260 2563 3335 petentes
2592 3257 2974 3319 miserunt.“

540 3363 604 3424 in
650 3362 692 3426 J
708 3362 853 3424 ΤΠ
906 3364 1260 3442 „principio
1319 3361 1622 3425 adventus
1686 3363 1997 3439 opinionis
2056 3363 2249 3425 eius“.
2344 3360 2501 3424 Cum
2567 3362 2693 3423 iam
2761 3364 2974 3442 primo

542 3471 795 3547 aspectu
840 3468 1090 3549 liqueat,
1151 3467 1428 3529 ordinem
1472 3467 1795 3531 verborum
1841 3466 1904 3528 in
1954 3464 1999 3529 C
2048 3467 2388 3547 antiquitus
2446 3484 2580 3530 esse
2627 3470 2976 3544 servatum,

544 3608 624 3617 --
661 3572 735 3635 de
781 3573 1132 3650 „principio
1166 3572 1520 3651 opinionis“
1557 3571 1633 3635 of.
1674 3572 1728 3635 V
1765 3573 1822 3645 1,
1860 3572 1973 3645 11;
2021 3571 2140 3633 vn
2178 3573 2238 3646 6,
2262 3574 2331 3646 33
2377 3571 2491 3633 xx
2529 3573 2587 3644 2,
2614 3556 2843 3635 2312oe.1
2881 3611 2973 3620 -

539 3678 740 3740 multa
798 3678 982 3740 verba
1043 3677 1240 3741 facere
1310 3677 1687 3759 supersedeo,
1782 3668 2068 3740 Ceterum
2135 3676 2381 3739 violenti
2447 3676 2749 3739 editorum
2816 3681 2972 3743 ante

539 3783 874 3859 Ruehlium
938 3787 1192 3845 conatus
1239 3782 1607 3845 emendandi
1654 3784 1860 3861 aperte
1919 3781 2136 3843 docent
2180 3782 2383 3843 locum
2440 3782 2615 3844 illum
2675 3783 2796 3845 nisi
2859 3784 2976 3846 ad-

540 3888 730 3949 hibito
777 3888 978 3951 codice
1025 3886 1071 3950 C
1116 3906 1436 3968 nunquam
1483 3886 1738 3949 fortasse
1784 3889 1945 3951 recte
1992 3890 2280 3949 sanatum
2326 3905 2477 3959 esse.

751 4153 768 4181 ¹
804 4148 1060 4215 Inspicias
1111 4146 1232 4200 Otto
1286 4147 1514 4215 Eichert‚
1553 4147 1844 4201 Vollstand.
1893 4147 2245 4200 Worterbuch
2284 4164 2327 4201 Ζ.
2366 4148 2592 4215 Philipp.
2633 4147 2825 4202 Gesch.
2870 4150 2973 4203 des

535 4235 791 4297 Iustinus,
864 4236 1148 4294 Hannover
1187 4234 1339 4309 1882,
1375 4252 1491 4310 pag.
1534 4236 1651 4292 144,
