3120 4920
1430 185 1511 250 39

238 399 402 461 locis
443 397 698 460 'factum
756 400 1024 459 tuentur.
1117 395 1278 457 Nam
1337 395 1479 458 licet
1537 395 1654 456 hae
1712 392 2065 457 omissiones
2124 395 2312 457 talem
2383 398 2673 457 naturam

240 504 536 576 habeant,
601 506 671 565 ut
727 502 985 564 fortasse
1032 519 1136 564 eas
1182 519 1331 562 casu
1375 500 1506 580 pari
1553 498 1732 561 modo
1777 499 1842 560 in
1886 502 2146 580 utraque
2193 499 2387 562 classe
2432 503 2671 562 exortas

240 627 385 672 esse
460 609 724 686 cogitare
799 607 1135 687 possimus,
1228 609 1466 679 tamen,
1560 623 1704 666 cum
1779 604 1855 666 ad
1932 606 2093 668 locos
2170 609 2678 668 commemoratos

239 713 673 794 respiciemuS,
729 731 847 774 non
912 713 1090 774 aliter
1149 711 1221 772 de
1285 727 1496 772 earum
1555 709 1782 788 origine
1840 710 2268 774 iudicabimus
2360 710 2676 773 Eiusmodi

239 819 526 898 exempla
601 820 748 880 sunt
821 816 999 878 XXII
1047 817 1104 889 6,
1139 817 1198 889 5,
1274 834 1392 895 quo
1469 815 1598 878 loco
1674 815 1969 877 vocabula
2044 815 2219 892 „dax
2292 813 2677 878 Poenorum“

239 923 648 986 consonantia
681 922 839 984 vocis
874 920 1334 1002 praecedentiS,
1339 923 1775 1014 ,payanorum‘
1781 919 2190 995 ‘exciderunt,
2225 923 2287 983 et
2316 920 2517 982 XXIV
2546 923 2603 994 6,
2622 923 2679 996 6,

240 1029 357 1090 ubi
417 1027 725 1101 librarius,
783 1029 856 1089 ut
899 1045 1074 1089 voces
1122 1045 1159 1087 a
1207 1024 1347 1088 011
1387 1025 1684 1087 exhibitas
1744 1025 2061 1105 „undique
2119 1025 2537 1103 inmendente,·
2578 1025 2679 1088 ibi

240 1134 552 1196 civitatem
611 1131 971 1211 frequentia
1029 1130 1343 1193 hominum
1408 1129 1571 1209 feeit,
1638 1131 1747 1210 qui
1807 1129 2219 1194 admiratione
2284 1132 2678 1194 maiestatis“

240 1237 780 1318 praetermitteret,
831 1239 993 1299 certe
1039 1235 1399 1315 „andique“
1446 1236 1739 1298 vocabulo
1782 1239 1918 1316 post
1954 1237 2384 1314 „maiestatis“
2423 1237 2675 1317 repetito

239 1346 594 1406 commotus
669 1345 780 1405 est.
871 1342 1004 1405 Alio
1072 1343 1232 1416 loce,
1307 1339 1574 1402 XXVIII
1632 1342 1691 1415 2,
1728 1342 1815 1415 71,
1892 1342 2078 1403 verba
2153 1361 2391 1421 „quam
2462 1341 2676 1404 aliena

240 1447 635 1528 appetenda“
682 1423 850 1510 haud
896 1447 1078 1510 dubie
1123 1449 1364 1527 propter
1401 1447 1584 1519 vociS,
1632 1465 1788 1526 quae
1827 1437 2148 1520 antecedit,
2195 1446 2676 1526 „defendenda“

245 1573 464 1635 parem
510 1553 740 1616 exitum
787 1553 849 1614 in
892 1552 933 1616 J
943 1552 994 1614 Τ
1039 1551 1493 1615 interciderunt.
1586 1551 1699 1614 Est
1745 1551 1911 1614 enim
1957 1553 2449 1633 supplementum
2496 1552 2674 1633 plane

242 1659 328 1721 ad
391 1677 644 1740 sensum
691 1661 752 1721 et
810 1658 1117 1738 scriptoris
1177 1675 1524 1720 sermonem
1584 1656 2117 1720 accommodatum
2177 1660 2240 1719 et
2298 1658 2470 1720 bonis
2518 1659 2677 1720 anti-

245 1764 513 1846 quisque
589 1764 783 1826 verbis
860 1763 1396 1844 comprehensum,
1475 1781 1662 1842 quare
1741 1782 1861 1825 non
1936 1763 2283 1826 coniectura
2357 1763 2674 1826 inventum

243 1869 509 1932 videtur.
601 1867 808 1931 Etiam
865 1869 1047 1931 verba
1093 1886 1130 1930 a
1182 1869 1258 1928 Π
1309 1867 1432 1929 8010
1479 1866 1543 1929 ΙΙ
1594 1868 1693 1941 14,
1726 1869 1764 1928 2
1830 1867 2039 1930 addita
2097 1869 2209 1944 „in
2270 1888 2434 1946 spem
2493 1871 2676 1947 pacis

237 1975 746 2053 amicitiamqae“
793 1975 1060 2053 genuina
1106 1992 1239 2038 esse
1295 1973 1671 2052 intelligitur,
1727 1978 1797 2035 ut
1841 1973 1969 2035 iam
2014 1973 2311 2036 Ruehlius
2358 1975 2678 2037 annotavit

239 2079 596 2163 (Textesqu.
643 2097 779 2159 pag.
819 2079 946 2160 59),
993 2098 1062 2141 ex
1103 2077 1300 2140 Orosii
1347 2078 1544 2140 verbis
1586 2077 1671 2159 (II
1713 2078 1814 2151 11,
1839 2079 1942 2159 2);
1990 2075 2445 2155 „Athenienses
2490 2082 2673 2143 varia

237 2183 668 2248 sollicitatione
733 2183 1039 2246 adducere
1111 2184 1196 2245 in
1272 2203 1473 2260 spem
1534 2185 1771 2260 pacis
1844 2204 2181 2265 ayyressus
2249 2188 2397 2246 ete.“
2490 2185 2675 2248 Hunc

241 2293 476 2362 locum,
539 2290 789 2352 tametsi
833 2289 896 2350 in
939 2289 980 2352 J
1028 2289 1223 2351 maior
1282 2288 1444 2350 inest
1487 2290 1731 2362 lacuna,
1778 2307 1851 2351 ea
1896 2289 1971 2352 de
2016 2308 2206 2353 causa
2250 2290 2675 2371 proferendum

239 2415 386 2459 esse
431 2395 660 2477 putavi,
707 2399 778 2458 ut
817 2394 1038 2457 clarius
1083 2395 1272 2458 etiam
1319 2399 1612 2477 appareat
1655 2397 1731 2456 Π
1766 2395 1830 2457 in
1878 2395 2144 2458 secunda
2175 2395 2453 2459 codicum
2486 2398 2673 2480 stirpe

239 2503 561 2585 proprium
607 2502 875 2564 obtinere
921 2501 1140 2564 locum.

463 2608 760 2687 Reliquae
821 2607 1144 2670 verborum
1212 2606 1571 2669 omissiones
1638 2607 1699 2668 in
1766 2606 1807 2670 J
1824 2606 1875 2668 T
1932 2608 2185 2669 minoris
2254 2610 2673 2673 aestimandae

241 2716 400 2775 sunt
429 2714 615 2791 atque
647 2712 724 2774 ad
776 2713 933 2775 hanc
965 2712 1383 2792 quaestionem
1418 2730 1537 2774 non
1591 2712 1861 2775 multum
1890 2712 2099 2775 valent
2130 2716 2203 2775 ut
2237 2712 2505 2775 XXXIII
2542 2715 2596 2785 1,
2616 2716 2672 2789 7,

241 2817 355 2879 ubi
403 2816 449 2880 O
475 2819 550 2877 H
588 2818 844 2894 „triste“
889 2816 1201 2891 adiiciunt,
1259 2820 1322 2879 et
1366 2816 1689 2878 XXXVIII
1740 2818 1839 2891 10,
1872 2818 1933 2891 2,
1990 2836 2110 2898 quo
2155 2820 2285 2882 1000
2331 2818 2392 2880 in
2440 2819 2671 2882 eisdem

245 2922 562 2986 codicibus
641 2922 950 2985 invenitur
1012 2923 1646 3001 „seaenioorumqae“.
1741 2922 2176 2986 Additamenta
2233 2924 2297 2985 in
2365 2926 2441 2985 H
2509 2926 2674 2988 velut

248 3028 478 3105 „vi“².
511 3028 574 3089 in
636 3026 724 3089 IX
771 3028 965 3101 8,12,
1041 3032 1192 3105 „se“
1258 3028 1321 3090 in
1381 3028 1524 3090 XVI
1574 3029 1631 3101 5,
1666 3028 1733 3101 8,
1803 3026 2009 3104 „illis“
2076 3028 2139 3089 in
2207 3028 2473 3090 XXVIII
2520 3032 2577 3103 2,
2614 3034 2669 3105 7,

247 3133 494 3196 etiamsi
540 3133 1032 3195 commodissimo
1077 3133 1205 3195 loco
1251 3134 1607 3213 interposita
1653 3136 1816 3207 sunt,
1871 3133 2058 3197 etiam
2103 3133 2453 3197 coniectura
2498 3136 2670 3197 nasci

249 3240 596 3320 potuerunt.

464 3343 718 3406 Praeter
776 3343 910 3405 illas
970 3343 1222 3406 lacunas
1269 3343 1458 3405 etiam
1515 3342 2011 3423 interpolationes
2058 3362 2413 3406 communes
2459 3345 2522 3405 in
2567 3345 2671 3409 JT

253 3466 466 3512 earum
526 3449 897 3529 propriorem
957 3450 1378 3527 cognationem
1438 3448 1652 3511 testari
1707 3448 2005 3512 videntur.
2096 3448 2455 3529 Reperimus
2502 3450 2668 3512 enim

251 3554 314 3615 in
361 3553 529 3615 libris
573 3553 794 3616 Iustini
841 3555 964 3615 tres
1011 3534 1188 3626 locos,
1236 3553 1340 3615 ubi
1389 3556 1591 3615 textus
1638 3554 1699 3615 in
1742 3552 1783 3616 J
1799 3553 1849 3614 Τ
1904 3554 2033 3617 sine
2080 3554 2259 3617 dubio
2304 3556 2665 3618 commentis

250 3658 638 3721 librariorum
698 3657 976 3720 foedatus
1036 3660 1148 3733 est,
1211 3676 1352 3721 cum
1417 3658 1539 3719 alia
1599 3657 2041 3739 discrepantiae
2100 3659 2256 3721 inter
2314 3678 2417 3721 eas
2480 3662 2542 3721 et
2600 3662 2678 3720 H

249 3782 443 3827 causa
489 3763 586 3825 vix
629 3761 830 3825 afferri
873 3764 1083 3844 possit.

469 3958 484 3986 ¹
523 3953 598 4006 Cf.
637 3953 916 4020 Textesqu.
953 3970 1068 4021 pag.
1108 3952 1176 4006 58
1213 3956 1266 4005 et
1300 3955 1458 4020 praef.
1498 3970 1614 4022 pag.
1641 3954 1767 4008 XII.

464 4044 484 4075 ²
521 4041 822 4094 Secundum
873 4042 1238 4094 ‘coniecturam
1300 4041 1574 4110 Bongarsii
1640 4042 1826 4094 scribit
1884 4040 2144 4093 Ruehh'us
2208 4045 2479 4109 „aperte“.
2565 4040 2668 4093 Sed

247 4131 460 4199 propter
508 4128 676 4182 multa
719 4130 858 4182 bona
905 4128 1285 4196 supplementa,
1335 4146 1468 4198 quae
1509 4136 1569 4181 H
1598 4130 1825 4197 praebet,
1876 4130 2035 4182 etiam
2081 4129 2181 4182 hoc
2229 4128 2342 4182 1000
2389 4128 2667 4181 lectionem

246 4219 414 4271 huius
452 4216 635 4270 classis
670 4233 786 4270 esse
823 4217 1170 4285 recipiendam
1207 4217 1468 4271 existimo.
