3120 4920
1624 169 1707 232 40

675 377 738 440 II
785 380 844 452 2,
881 380 916 441 7
971 379 1116 459 quin
1179 380 1479 460 scriptura
1539 383 1639 441 H:
1709 377 2003 456 „Auram
2060 384 2117 465 et
2175 382 2499 459 arqentnm
2543 379 2890 460 perinde

453 504 495 545 a
513 487 1024 561 spernantur,
1088 504 1164 546 ac
1219 482 1441 563 reliqui
1501 483 1784 546 mortaks
1846 485 2192 563 adpetunt“
2260 486 2456 548 multo
2521 484 2892 564 exquisitior

451 588 705 651 lectione
760 589 801 652 J
814 587 864 650 T
932 607 1100 666 „non
1149 588 1454 666 per-inde“
1513 607 1619 670 pro
1687 589 1997 667 „perinde
2051 593 2530 668 asmrnantar“
2590 593 2652 652 et
2708 593 2889 652 certe

451 711 594 756 vcra
641 693 739 766 sit,
784 692 1053 756 dubitari
1097 711 1218 755 non
1263 695 1479 774 potest.
1571 693 1735 757 Nam
1779 697 2032 775 apparet
2076 696 2442 775 particulam
2488 698 2719 772 „non“
2756 713 2879 775 pro

453 802 962 876 „aspernantnr“
1019 798 1098 860 ab
1142 797 1569 878 interpolatore
1630 798 1711 862 ad
1766 817 2052 872 mancam
2116 800 2455 863 sanandam
2502 799 2891 862 sententiam

455 902 856 966 substitutam
905 921 1054 965 esse.

663 1044 836 1106 Alter
878 1044 1046 1106 locus
1093 1042 1563 1124 deprehenditur
1618 1042 1826 1105 XVIII
1872 1045 1931 1118 5,
1965 1045 2024 1105 2.
2116 1042 2375 1106 Exhibet
2422 1041 2501 1105 O:
2564 1044 2891 1120 „comitem

455 1167 520 1209 se
556 1145 818 1210 Elissae
852 1149 1197 1227 sociumque
1240 1147 1602 1226 fortunae
1661 1146 1963 1226 offert‘ss
2012 1167 2156 1210 cum
2197 1149 2531 1228 scripturae
2571 1147 2887 1211 secundae

455 1253 662 1334 stirpis
731 1252 1009 1316 codicum
1075 1252 1455 1316 dissentiant.
1546 1252 1755 1316 Habet
1811 1253 1973 1316 enim
2040 1256 2117 1314 H
2176 1251 2515 1331 „fortunae
2560 1251 2886 1330 offerret“‚

454 1357 556 1422 JT
601 1356 932 1436 „praebuit
945 1361 1000 1419 “.
1093 1357 1301 1420 Etiam
1362 1355 1459 1419 hic
1517 1358 1909 1439 perspicuum
1967 1361 2060 1421 est
2117 1362 2491 1439 postremam
2548 1357 2887 1421 lectionem

454 1463 542 1525 ita
586 1465 784 1524 ortam
830 1481 979 1536 esse,
1027 1465 1098 1524 ut
1142 1480 1256 1543 pro'
1295 1463 1493 1525 verbis
1555 1462 1895 1540 „femmae
1937 1462 2177 1540 offert‘ss
2246 1482 2402 1543 quae
2463 1480 2611 1525 casu
2670 1463 2886 1542 aliquo

453 1567 903 1642 interciderant,
951 1568 1317 1631 vocabulum
1362 1566 1747 1646 „praebuiffl
1807 1568 1884 1631 ad
1930 1569 2207 1630 hiantem
2252 1569 2587 1631 orationem
2633 1568 2885 1649 explen—

455 1673 602 1736 dam
650 1673 1034 1754 suppositum
1081 1673 1179 1735 sit.
2458 1657 2464 1661 ’

667 1813 982 1876 Postremo
1030 1811 1212 1876 affero
1249 1811 1575 1874 XXXVIII
1622 1814 1683 1888 3,
1718 1813 1777 1886 4,
1822 1813 1928 1876 ubi
1974 1814 2274 1894 scriptura
2308 1813 2347 1877 J
2386 1814 2659 1892 „inquo
2702 1817 2887 1876 tum“

457 1922 520 1982 et
574 1918 624 1981 T
681 1919 794 1996 „in
836 1917 1000 1998 qnod
1041 1921 1212 1980 tnm“
1265 1918 1327 1979 in
1373 1917 1632 1980 eandem
1689 1918 2219 1998 interpolationem
2278 1920 2544 1980 revocari
2602 1923 2884 1999 possunt.

459 2023 814 2088 Sententiae
859 2023 1084 2104 optime
1130 2022 1410 2085 convenit
1454 2022 1631 2085 lectio
1679 2020 1724 2084 C
1748 2025 1826 2083 Π
1862 2024 1975 2099 „in
2019 2043 2207 2102 qnam
2251 2027 2439 2084 rem“.

670 2180 758 2243 Ex
814 2181 928 2256 his,
989 2199 1147 2261 quae
1193 2180 1335 2255 dixi,
1375 2181 1543 2253 ‚satis
1605 2181 1757 2242 mihi
1806 2180 2043 2244 videtur
2098 2183 2303 2261 patere
2358 2200 2725 2244 consensum
2769 2181 2812 2245 J
2832 2182 2886 2244 T

459 2291 521 2351 et
563 2289 630 2352 in
674 2287 876 2350 verbis
921 2286 1166 2350 omissis
1213 2288 1276 2348 et
1319 2287 1383 2348 in
1429 2287 1995 2366 interpolationibus
2055 2305 2174 2348 non
2220 2305 2369 2348 casu
2412 2287 2542 2350 fieri
2590 2287 2889 2368 potuisse,
2976 2295 2987 2308 “

458 2393 563 2457 sed
624 2396 734 2455 aut
791 2392 854 2454 in
917 2393 1105 2454 altero
1153 2391 1432 2454 codicum
1475 2409 1695 2471 genere
1740 2391 1896 2453 duas
1942 2391 2225 2465 familiaS‚
2286 2409 2551 2472 quarum
2598 2392 2791 2455 altera
2840 2393 2886 2456 J

457 2503 519 2563 et
547 2498 615 2572 Τ,
663 2499 855 2561 altera
887 2497 1014 2560 sola
1047 2499 1126 2557 Π
1149 2497 1345 2560 classe
1375 2499 1883 2578 repraesentetur,
1918 2496 2401 2577 distinguendas
2450 2500 2560 2560 aut
2590 2498 2886 2561 lectiones

455 2606 592 2667 illas
636 2606 714 2664 Π
749 2603 1020 2685 proprias
1067 2621 1140 2665 ex
1185 2602 1298 2665 alio
1343 2602 1508 2665 fonte
1555 2620 1745 2683 quam
1792 2603 2117 2682 archetypo
2160 2602 2201 2665 J
2213 2602 2262 2664 T
2285 2605 2363 2663 H
2401 2606 2678 2684 sumptas
2724 2622 2884 2667 esse.

454 2710 706 2790 Propter
748 2709 922 2771 illam
968 2708 1478 2789 conspirationem
1507 2707 1558 2769 T
1577 2709 1655 2767 H
1692 2710 1920 2782 autem,
1969 2724 2158 2787 quam
2204 2710 2409 2787 aperte
2451 2707 2887 2771 demonstrant

458 2834 576 2877 non
623 2814 824 2877 nullae
878 2831 1234 2876 communes
1278 2812 1552 2887 lacunae,
1613 2815 1758 2894 puto
1803 2830 1919 2874 non
1982 2812 2161 2875 licere
2219 2812 2467 2891 cogitari
2528 2812 2603 2875 de
2658 2813 2885 2877 artiore

457 2920 713 2993 vinculO,
775 2936 894 2999 quo
936 2918 977 2981 J
1025 2919 1088 2980 et
1129 2918 1180 2979 T
1226 2918 1452 2981 classes
1496 2921 1738 2998 praeter
1798 2936 2188 2983 communem
2235 2917 2531 2996 originem
2576 2937 2609 2980 e
2644 2917 2883 2993 codice,

457 3026 562 3106 qui
604 3024 736 3087 fons
785 3026 880 3086 est
923 3023 1217 3086 librorum
1261 3041 1451 3085 manu
1499 3021 1865 3103 scriptorum
1909 3022 2157 3085 secundi
2189 3023 2449 3101 genem,
2495 3023 2880 3087 cohaereant.

455 3130 640 3191 Nullo
709 3130 826 3191 alio
883 3128 1061 3190 modo
1119 3127 1258 3189 illas
1315 3127 1504 3189 miras
1565 3127 2015 3190 convenientias
2081 3128 2144 3189 in
2196 3128 2237 3191 J
2251 3127 2301 3188 T
2355 3128 2645 3207 explicari
2701 3146 2883 3208 posse

457 3233 651 3308 credo,
710 3250 903 3316 quam
956 3236 1027 3295 ut
1083 3250 1381 3314 ponamus
1438 3235 1563 3295 tres
1625 3233 1851 3296 classes
1904 3232 2036 3312 pari
2080 3232 2259 3295 modo
2304 3231 2551 3312 quidem
2598 3251 2669 3296 ex
2700 3252 2883 3295 com-

456 3339 630 3401 muni
686 3339 1010 3419 archetypo
1071 3338 1373 3401 derivatas
1434 3355 1586 3411 esse,
1656 3340 1734 3398 H
1779 3340 1989 3400 autem
2046 3355 2085 3399 a
2144 3338 2270 3399 viro
2327 3337 2527 3417 aliquo
2583 3338 2757 3400 docto
2804 3357 2881 3400 ex

457 3444 798 3525 antiquiore
845 3447 906 3506 e't
951 3444 1198 3505 meliore
1246 3441 1572 3522 exemplari
1615 3442 1868 3516 Justini‚
1916 3441 2077 3522 quod
2123 3461 2194 3504 ex
2239 3444 2411 3524 parte
2456 3441 2713 3505 ductum
2745 3446 2881 3505 erat

457 3568 529 3613 ex
589 3549 914 3628 archetypo
960 3547 1010 3607 T
1056 3546 1447 3610 emendatam
1508 3566 1659 3610 esse.
1773 3547 2001 3610 Omnes
2063 3527 2200 3609 illas
2260 3547 2512 3610 lacunas
2570 3550 2631 3610 et
2689 3548 2882 3611 inter·

456 3654 786 3736 polationes
831 3654 895 3715 in
937 3652 978 3716 J
993 3652 1042 3714 T
1089 3656 1296 3715 autem
1341 3653 1467 3715 iam
1513 3654 1577 3714 in
1624 3653 1949 3733 archetypo
1997 3651 2299 3714 secundae
2346 3652 2550 3732 stirpis
2596 3652 2877 3716 codicum

458 3759 644 3822 fuisse
693 3760 960 3823 statuere
1006 3760 1255 3838 oportet.
1349 3756 1506 3820 Cum
1552 3758 1667 3820 hoc
1714 3756 2065 3831 conicimuS,
2112 3756 2413 3837 imprimis
2460 3758 2649 3820 etiam
2694 3757 2878 3820 omis-

459 3864 700 3927 sionum
757 3863 1023 3937 illarum,
1082 3881 1234 3943 quas
1296 3864 1616 3943 explanare
1674 3880 1793 3923 non
1839 3861 2170 3941 potuimus,
2224 3880 2479 3925 causam
2526 3864 2740 3924 statim
2784 3862 2878 3923 in-

459 3970 807 4049 telligimus,
901 3968 1207 4046 Quoniam
1252 3969 1420 4031 enim
1463 3967 1783 4048 pleraeque
1823 3969 2081 4028 22—-25
2128 3966 2251 4029 fere
2298 3967 2533 4029 litteras
2580 3967 2879 4047 complec-

458 4077 675 4137 tuntur
718 4078 789 4137 ut
833 4075 945 4151 „in
991 4093 1154 4153 spem
1189 4075 1373 4153 pacis
1417 4073 1915 4152 amicitiamqne“
1959 4072 2022 4134 in
2071 4071 2133 4133 II
2175 4072 2273 4146 14,
2309 4074 2365 4145 2,
2413 4075 2588 4149 „post
2630 4070 2875 4152 lonyam

446 4182 1048 4261 pereyrinationem“
1077 4180 1139 4242 in
1171 4179 1463 4241 XXXVII
1496 4182 1553 4255 3,
1589 4180 1647 4254 7,
1678 4197 1903 4258 magna
1934 4177 2155 4239 lacuna
2180 4180 2396 4266 ‘autem
2426 4176 2490 4239 in
2514 4175 2714 4239 XXIV
2750 4178 2806 4251 6,
2835 4179 2874 4239 6
