3120 4920
1571 244 1658 309 44

610 451 698 514 IX
745 454 805 526 3,
837 453 876 514 6
923 453 1184 531 legimus
1230 453 1293 514 in
1331 452 1502 514 TH:
1547 450 1795 530 „Facta
1832 454 2023 533 iyitur
2058 453 2222 530 iuter
2258 451 2424 514 duas
2441 451 2633 530 paulo
2672 454 2837 514 ante

399 555 844 634 infestissimas
903 559 1215 620 eivitates“
1269 557 1696 638 (Athenienses
1760 561 1825 620 et
1865 557 2209 639 Thebanos)
2271 557 2588 635 „societate
2656 555 2833 636 ἱερα-

400 659 667 723 tionibus
717 659 1048 724 Graeciam
1092 662 1398 742 fatiyanQ
1443 682 1819 725 communem
1864 662 2091 725 hostem
2135 665 2427 740 putant
2470 661 2535 741 (J
2566 663 2833 743 petunt)

401 765 820 828 communibus
885 765 1122 830 viribus
1190 766 1724 830 submovendum“.
1830 767 2080 830 Orosius
2140 766 2258 847 (III
2325 766 2425 841 13,
2458 767 2524 848 9)
2600 765 2832 828 tradit:

401 920 440 948 „
455 872 564 950 qui
633 872 704 934 iu
775 875 946 934 tanto
1001 872 1364 935 discrimine
1411 874 1606 952 positi
1660 870 2178 935 Lacedaenwnios
2235 869 2547 952 quondam
2602 870 2831 948 hosteS,

401 980 548 1038 tunc
579 978 768 1039 socios
798 975 1170 1040 adsciscunt
1213 979 1512 1058 totiusque
1551 975 1857 1040 Graeciae
1902 978 2173 1040 civitates
2218 975 2618 1057 leyatiomhus
2670 975 2830 1054 fati-

400 1084 571 1161 9ant,
618 1085 689 1142 ut
732 1101 1105 1144 communem
1150 1081 1375 1146 hostem
1413 1081 1834 1144 communibus
1872 1081 2107 1144 viribus
2142 1085 2474 1160 petaut“.
2538 1080 2834 1143 Dubitari

404 1205 525 1248 non
593 1188 807 1266 potest,
879 1188 1026 1267 quin
1095 1188 1249 1249 haec
1316 1187 1499 1251 verba
1569 1186 1645 1249 ad
1716 1187 2010 1250 tuendam
2079 1185 2396 1249 lectionem
2463 1185 2506 1249 J
2573 1185 2835 1266 proferri

404 1294 743 1370 nequeant3
806 1295 868 1354 et
925 1292 1224 1355 Ruehlius
1283 1293 1427 1374 ipse,
1491 1311 1634 1354 oum
1697 1293 1759 1353 in
1817 1291 2139 1371 Textesqu.
2197 1309 2334 1372 pag.
2384 1291 2467 1352 34
2528 1285 2639 1352 hoc
2693 1290 2832 1352 loco

404 1398 767 1458 concentum
815 1405 948 1459 esse
995 1398 1252 1459 voluerit
1297 1396 1457 1460 inter
1499 1397 1540 1460 J
1590 1400 1651 1458 et
1696 1395 1999 1470 Orosium‚
2046 1397 2110 1459 in
2156 1396 2415 1459 editione
2462 1413 2575 1457 sua
2618 1395 2835 1475 posuit

403 1504 735 1580 ,‚puteut“.
808 1501 966 1580 Quid
1019 1501 1307 1564 nimirum
1345 1521 1571 1565 causae
1606 1505 1719 1574 est,
1766 1520 1876 1563 cur
1912 1521 2034 1564 non
2067 1500 2465 1563 indicativum
2510 1501 2831 1582 receperit,

405 1623 514 1684 ego
561 1605 738 1686 plane
787 1625 904 1669 non
946 1607 1130 1669 video,
1204 1607 1488 1671 Ceterum
1530 1625 1673 1669 oum
1712 1609 1931 1684 agatur
1961 1607 2035 1668 de
2075 1607 2261 1669 unius
2297 1608 2546 1668 tantum
2583 1605 2832 1670 litterae

404 1712 895 1784 commutatione,
943 1731 1063 1773 non
1109 1712 1500 1791 cogitandum
1549 1731 1681 1774 esse
1727 1712 1989 1774 arbitror
2034 1712 2149 1774 hoe
2192 1712 2321 1774 loco
2378 1710 2459 1785 id,
2519 1710 2676 1792 quod
2725 1715 2834 1774 est

403 1819 734 1893 ,‚petunt“,
797 1835 870 1879 ex
929 1816 1138 1880 eodem
1197 1816 1360 1879 fonte
1420 1820 1605 1898 atque
1653 1817 1846 1880 Orosii
1910 1819 2225 1894 „petaut“
2272 1816 2616 1879 derivatum
2661 1835 2823 1880 esse.

614 1921 830 1984 Restat
858 1920 981 1983 XII
1009 1923 1063 1998 7,
1081 1924 1136 1984 3.
1187 1921 1495 2002 Scriptum
1528 1923 1687 1985 enim
1715 1926 1811 1984 est
1833 1923 1897 1984 in
1919 1922 1961 1985 J
1984 1923 2212 1984 classe:
2246 1919 2590 1998 „Reteutus
2612 1925 2829 1984 tamen

403 2028 495 2086 est
527 2046 569 2087 a
607 2025 1058 2088 Macedonibus
1114 2047 1222 2089 mo
1239 2047 1271 2087 s
1319 2026 1643 2090 salutandi
1684 2029 1849 2107 reyis
1894 2025 2138 2104 explosa
2182 2026 2543 2090 adoratione
2559 2030 2616 2098 “‚
2673 2045 2829 2090 oum

367 2184 370 2186 ,
402 2130 464 2190 in
494 2129 545 2190 Τ
566 2132 643 2190 Π
664 2131 812 2192 insit
848 2131 1107 2207 „modus
1145 2131 1534 2194 salutandi‘ss
1609 2131 1728 2194 Sed
1766 2132 1877 2194 hoc
1916 2133 2043 2194 loco
2073 2132 2255 2193 verba
2285 2130 2453 2194 illius
2483 2131 2832 2212 presbyteri

408 2232 528 2313 (ΙΙΙ
580 2235 676 2307 18,
716 2236 841 2317 11),
899 2235 1007 2316 ,qui
1071 2236 1255 2298 etiam
1320 2236 1416 2298 hic
1464 2255 1592 2299 rem
1640 2237 1835 2299 multo
1882 2236 2123 2300 brevius
2170 2253 2358 2316 quam
2403 2234 2676 2299 Iustinus
2722 2255 2835 2298 ex-

405 2340 590 2419 ponit,
636 2342 835 2420 potius
883 2341 960 2404 ad
992 2359 1229 2422 paragr.
1268 2344 1337 2403 1:
1385 2363 1504 2419 „ecc
1542 2341 1789 2405 Persico
1834 2341 2153 2419 superbiae
2197 2335 2403 2421 reqia'e
2445 2361 2636 2404 more
2690 2360 2831 2404 uon

405 2443 690 2523 salutari,
739 2445 848 2509 sed
875 2446 1136 2510 adorari
1165 2439 1230 2509 se
1266 2445 1475 2509 iubet“
1521 2447 1730 2511 referri
1764 2449 2039 2532 possunt..
2108 2447 2421 2526 Leguntur
2453 2447 2621 2510 enim
2656 2449 2833 2529 apud

406 2548 710 2623 Orosium‚
757 2552 861 2632 qui
899 2570 1112 2615 omnes
1150 2554 1262 2615 has
1298 2555 1421 2616 tres
1459 2552 1876 2633 paragraphos
1922 2553 1988 2614 in
2032 2571 2223 2615 unam
2261 2553 2590 2632 coniungit,
2639 2553 2830 2616 haec:

407 2652 870 2732 „Callisthenen
925 2656 1346 2737 philosophum
1401 2658 1633 2737 sibique
1688 2658 1861 2736 apud
1916 2654 2287 2720 Aristotelen
2336 2657 2834 2737 condiscipulum

405 2780 542 2823 cum
592 2761 887 2839 plurimis
941 2762 1088 2826 aliis
1131 2762 1545 2842 principibuS,
1606 2782 1718 2825 cur
1762 2782 1899 2825 eum
1944 2762 2209 2841 deposito
2254 2762 2577 2826 salutandi
2617 2784 2679 2825 m
2692 2783 2778 2825 or
2796 2786 2833 2827 e

402 2870 474 2927 ut
515 2865 695 2929 deum
737 2886 863 2929 nou
907 2868 1214 2945 adoraret,
1261 2868 1545 2931 occidit‘fi

624 2971 860 3050 Quibus
891 2974 1072 3036 rebus
1105 2974 1439 3047 conficitur,
1472 2976 1543 3035 ut
1568 2992 1635 3037 ex
1671 2973 1987 3036 collatione
2024 2972 2249 3036 selecta
2266 2972 2511 3035 Ruehlii
2532 2974 2605 3039 11
2641 2974 2830 3037 modo

405 3077 516 3139 loci
555 3055 803 3157 reperiri
849 3078 1102 3158 possint,
1147 3078 1257 3139 ubi
1303 3079 1603 3159 scriptura
1639 3078 1681 3141 J
1716 3078 1934 3140 classis
1982 3078 2165 3140 solius
2212 3078 2575 3140 auctoritate
2621 3076 2831 3143 Orosii

404 3182 710 3244 laudatur.
801 3181 920 3245 Sed
966 3183 1161 3246 multo
1224 3184 1424 3245 minor
1479 3183 1668 3247 etiam
1728 3186 1821 3245 est
1878 3183 2048 3264 copia
2106 3183 2435 3246 lectionum
2504 3202 2541 3245 a
2595 3183 2645 3244 T
2692 3184 2833 3249 sola

404 3286 768 3360 oblatarum,
817 3306 972 3368 quae
1009 3306 1150 3350 cum
1191 3288 1355 3350 illius
1389 3289 1696 3369 scriptoris
1730 3289 1926 3351 verbis
1960 3290 2170 3351 contra
2208 3287 2363 3361 duas
2402 3288 2553 3351 alias
2588 3290 2830 3353 classes

404 3396 767 3470 congruunt.
861 3392 1020 3455 Sunt
1064 3394 1242 3454 modo
1289 3396 1612 3471 quattuor:

824 3515 886 3575 II
936 3516 1034 3588 12,
1069 3516 1152 3577 23
1246 3515 1472 3595 primos
1515 3514 1566 3576 T
1612 3514 1781 3577 Oros,
1830 3514 1890 3577 11
1942 3515 2038 3589 10,
2072 3518 2131 3577 3.

1243 3620 1538 3701 primores
1588 3620 1862 3703 (priores)
1909 3620 1950 3683 J
1971 3624 2048 3683 H
2059 3625 2097 3683 ¹.

825 3725 910 3787 VI
958 3726 1016 3797 6,
1051 3726 1088 3787 8
1244 3726 1599 3788 vulneratus
1643 3725 1693 3787 T
1740 3724 1908 3788 Oros,
1956 3724 2050 3787 111
2097 3727 2155 3800 2,
2189 3726 2246 3788 3.

1245 3831 1601 3907 vulneratur
1642 3829 1685 3893 J
1701 3833 1778 3892 H
1790 3832 1829 3893 ².

619 4006 637 4035 1
673 4001 836 4055 Nulla
869 4002 1122 4068 probabili
1160 4019 1320 4055 causa
1357 4004 1629 4069 praeponit
1665 4002 1923 4055 Ruehlius
1960 4003 2277 4070 scripturam
2312 4003 2347 4055 J
2362 4008 2429 4056 Π.

614 4093 636 4123 2
671 4089 846 4143 Etiam
883 4090 982 4142 hoo
1017 4088 1132 4142 loco
1169 4108 1200 4143 a
1234 4090 1462 4142 Ruehlio
1509 4090 1669 4142 lectio
1705 4091 1769 4143 ab
1806 4091 1839 4142 J
1855 4096 1915 4141 Π
1942 4090 2179 4143 exhibita
2225 4091 2280 4142 in
2315 4092 2469 4143 textu
2516 4092 2687 4157 posita
2725 4096 2835 4149 est.

403 4177 734 4245 Quamquam
765 4180 976 4245 propter
1005 4178 1264 4230 minutum
1298 4178 1677 4245 scripturarum
1706 4178 1986 4231 discrimen
2024 4194 2107 4230 res
2139 4178 2292 4230 valde
2323 4178 2483 4231 dubia
2512 4180 2607 4245 est,
2639 4180 2836 4235 tamen

404 4268 530 4343 puto
567 4265 606 4316 Τ
641 4266 986 4336 sequendum.
