3120 4920
1226 336 1287 340 η
1373 247 1451 306 15

199 451 590 534 ablegatum“
645 454 812 516 nullo
871 453 1050 515 modo
1109 456 1321 517 notam
1375 455 1855 535 interpolationis
1902 473 2044 535 prae
2096 475 2161 518 se
2208 455 2382 528 ferre,
2440 457 2629 518 immo

197 559 403 640 potius
438 576 613 622 voces
659 557 850 636 „dnm
883 557 1194 621 consulere
1235 559 1505 637 stndet“,
1555 559 1777 643 quibus
1814 579 1921 641 pro
1958 560 2411 624 consuetudine
2446 560 2633 623 inter-

201 664 494 744 polatoris
557 664 755 726 brevis
801 665 1025 727 locutio
1074 664 1416 741 „studens“
1461 665 1703 745 longius
1769 684 2051 746 expressa
2097 670 2210 741 est,
2267 666 2331 728 in
2394 668 2633 729 textum

200 769 430 832 Iustini
491 769 936 850 praetermissis
994 769 1118 850 illis
1177 770 1486 833 vocabulis
1546 771 1879 851 irrepsisse,
1940 774 2003 834 et
2069 775 2281 852 postea
2352 771 2431 834 ad
2494 789 2635 834 con-

201 874 513 953 iungenda
537 874 721 938 verba
751 874 927 938 finita
959 875 1298 938 sententiae
1319 875 1727 940 secundariae
1758 877 2123 957 particulam
2155 879 2257 953 „et
2271 880 2310 908 “
2336 876 2632 940 insertam

200 998 356 1043 esse.
470 979 854 1061 Scripturam
924 979 970 1043 C
1038 984 1354 1062 praeterea
1423 983 1680 1044 tuentur
1745 980 2097 1044 testimonia
2163 981 2420 1062 Appian.
2492 981 2630 1046 bell.

163 1085 416 1148 -Mit-hr.
464 1086 506 1147 4
552 1089 613 1148 et
667 1085 879 1148 Zonar.
939 1087 1144 1148 annal.
1193 1085 1285 1149 IX
1331 1087 1434 1160 28,
1498 1087 1605 1167 qui
1660 1086 1811 1150 item
1872 1086 2263 1151 Nicomedem
2329 1071 2629 1166 regnante

203 1191 424 1254 Prusia
471 1191 699 1254 Romae
746 1191 965 1254 vixisse
1012 1195 1284 1255 narrant.

413 1303 673 1366 XXXIV
719 1305 781 1379 4,
814 1306 853 1366 3
906 1305 1175 1385 loquitur
1233 1305 1490 1386 scriptor
1547 1306 1623 1370 de
1682 1306 1893 1369 eodem
1960 1305 2309 1383 Nicomede,
2386 1305 2490 1387 qui
2552 1305 2629 1368 ab

202 1409 420 1472 amicis
467 1410 540 1474 de
585 1409 833 1473 consilio
881 1409 1074 1491 patris
1119 1411 1337 1473 certior
1381 1410 1583 1474 factus
1624 1413 1685 1474 et
1724 1410 2077 1473 admonitus
2125 1414 2274 1486 erat,
2320 1413 2392 1474 ut
2431 1411 2629 1492 patris

198 1515 460 1578 insidias
533 1515 737 1596 ipsum
803 1515 1209 1595 aggrediendo
1285 1515 1595 1579 eluderet:
1666 1514 1914 1596 „Igitur
1980 1535 2120 1578 omn
2192 1518 2494 1580 tacitus
2560 1517 2631 1578 in

199 1640 464 1702 reynnm
499 1622 708 1700 patris
741 1622 1027 1698 venisset,
1069 1622 1278 1684 statim
1308 1641 1421 1682 rex
1455 1619 1858 1700 appellatur“.
1930 1620 2100 1684 Haec
2136 1621 2423 1700 leguntur
2461 1621 2523 1683 in
2564 1619 2631 1695 C,

202 1727 393 1788 ceteri
469 1726 702 1790 codices
790 1725 1022 1788 habent
1111 1726 1446 1802 „accitus“.
1572 1724 1876 1804 Quoniam
1960 1729 2168 1789 autem
2244 1726 2372 1788 iam
2448 1727 2630 1788 antea

202 1831 560 1912 explanatae
606 1834 753 1894 sunt
815 1831 1272 1894 adhortationes
1320 1831 1677 1906 amicorum,
1741 1832 1963 1911 quibus
2023 1849 2168 1893 eum
2226 1831 2304 1893 ad
2362 1831 2632 1893 reditum

204 1937 270 1998 in
315 1937 581 2018 patriam
629 1955 1006 2000 commovere
1067 1937 1448 2010 studuerant,
1510 1937 1829 2014 „accitns“
1874 1937 2055 2016 plane
2102 1954 2626 2017 supervacaneum

203 2044 301 2104 est
359 2044 420 2104 et
475 2043 813 2105 orationem
879 2042 1238 2122 languidam
1297 2041 1461 2105 facit.
1554 2041 1749 2104 Multo
1781 2029 1791 2040 ’
1820 2041 2023 2123 aptius
2082 2041 2157 2103 ad
2232 2044 2427 2104 totam
2499 2059 2645 2104 rem.

204 2147 645 2211 declarandam
690 2147 840 2210 illud
885 2149 1197 2225 „tacitns“
1244 2150 1356 2220 est,
1403 2147 1548 2227 quia
1594 2146 1673 2208 ad
1720 2146 2104 2228 occupandas
2146 2146 2399 2209 insidias
2436 2146 2627 2228 patris

199 2252 326 2314 filio
387 2252 622 2316 occulto
684 2255 869 2332 atque
932 2251 1170 2314 silentio
1229 2269 1357 2313 rem
1425 2269 1632 2330 gerere
1702 2251 2413 2314 accommodatissimum
2482 2253 2631 2314 erat.

205 2357 461 2419 Accedit
536 2356 694 2437 quod
772 2355 931 2436 apud
1011 2355 1324 2419 Iustinum
1397 2355 1463 2418 in
1539 2355 1725 2419 simili
1793 2375 2001 2420 rerum
2068 2355 2454 2418 cohaerentia
2524 2355 2638 2418 hoc

201 2460 572 2525 vocabulum
607 2462 911 2524 usitatum
945 2464 1057 2537 est,
1107 2464 1179 2523 ut
1225 2462 1318 2523 his
1359 2464 1501 2523 utar
1541 2459 1596 2522 V
1639 2464 1695 2537 1,
1728 2462 1804 2536 2;
1847 2460 1993 2523 XXI
2032 2464 2089 2534 2,
2126 2462 2194 2535 8;
2238 2458 2444 2523 XXXI
2478 2462 2535 2536 2,
2566 2460 2635 2533 83

201 2566 498 2628 XXXVII
544 2568 602 2639 3,
637 2566 711 2639 43
759 2565 1081 2627 XXXVIII
1130 2567 1186 2639 8,
1224 2567 1299 2629 11
1351 2568 1464 2627 etc.

418 2679 679 2741 XXXVI
725 2680 784 2754 4,
821 2681 856 2743 7
908 2678 1132 2759 (sermo
1180 2682 1274 2762 est
1319 2678 1394 2741 de
1440 2677 1795 2751 AristonicO,
1828 2679 2038 2740 -notho
2097 2678 2410 2753 EumeniS,
2473 2678 2632 2757 regis

205 2784 545 2866 Pergami):
613 2835 652 2863 ‚,
665 2782 820 2847 Oum
883 2784 1076 2847 multa
1138 2783 1412 2846 secunda
1459 2782 1697 2861 proelia
1758 2781 2063 2845 adversus
2122 2783 2412 2859 civitatee,
2474 2801 2634 2861 qnae

203 2892 370 2951 mem
427 2888 848 2953 Romanorum
902 2888 1145 2951 tradere
1199 2907 1264 2949 se
1322 2890 1392 2949 ei
1449 2886 1761 2964 nolebant,
1825 2887 2069 2965 fecisset
2123 2889 2445 2967 iustusque
2502 2888 2634 2950 iam

203 3014 323 3055 rex
406 2994 734 3072 videretwr,
817 2991 984 3057 Asia
1057 2991 1303 3056 Isicinio
1394 2991 1625 3055 Crasso
1714 2990 1949 3054 consuli
2006 2991 2389 3080 *decernitur
2476 2995 2633 3055 etc.“

206 3098 673 3179 Petschenigius
719 3099 1040 3161 lectionem
1086 3098 1336 3160 alterius
1383 3098 1625 3177 generis
1666 3097 1943 3159 codicum
1990 3096 2269 3174 „eidem“
2314 3096 2633 3160 defendere

208 3203 421 3265 studet
473 3204 768 3267 'vocabulo
836 3201 1149 3280 ‚,eisdem“
1219 3202 1283 3263 in
1351 3201 1677 3263 XXXVIII
1736 3200 2181 3279 3‚1:-„Erat
2246 3221 2310 3264 eo
2376 3204 2633 3279 tempore

210 3306 538 3387 TiyraneS,
583 3328 697 3371 rex
735 3306 1092 3383 Armeniae,
1138 3305 1307 3368 obses
1349 3303 1605 3369 Parthis
1641 3309 1785 3368 ante
1825 3304 2084 3367 multwm
2120 3308 2404 3385 temporis
2446 3305 2633 3368 datas

205 3430 324 3475 nec
366 3412 506 3476 olim
551 3412 628 3476 ab
671 3412 898 3475 eisdem
942 3413 1014 3475 in
1059 3430 1321 3492 regnam
1353 3414 1694 3489 paternum
1737 3411 2105 3473 remissn3.“
2173 3410 2292 3473 Sed
2340 3428 2486 3472 cum
2529 3410 2631 3472 illo

207 3517 340 3579 loco
383 3518 492 3591 vie,
555 3536 744 3598 quam
801 3518 986 3579 habet
1042 3535 1371 3596 pronomen
1425 3516 1693 3593 „idem“,
1741 3516 1986 3579 omnino
2032 3534 2155 3577 non
2207 3515 2481 3596 quadret,
2532 3514 2633 3577 hic

209 3622 525 3701 „eisdem“
590 3622 814 3685 idcirco
883 3620 1152 3700 positum
1223 3624 1346 3692 est,
1414 3620 1575 3700 quod
1645 3620 1707 3682 in
1769 3619 2006 3681 duobus
2076 3621 2259 3682 huius
2330 3618 2633 3683 enuntiati

207 3728 503 3789 membris
551 3727 920 3788 contrarium
969 3725 1275 3803 quoddam
1321 3725 1495 3787 inest.

425 3830 712 3892 XXXVII
763 3831 818 3899 1,
851 3831 890 3889 2
949 3830 1249 3891 traditum
1312 3834 1406 3891 est
1463 3830 1522 3889 in
1591 3828 1671 3890 G:
1736 3827 1926 3905 „Post
1978 3828 2129 3891 haec
2186 3826 2459 3907 reyi‘bu8‚
2523 3829 2633 3905 qui

208 3935 513 3998 adversus
540 3932 960 3997 Aristonicum
990 3931 1236 3994 anacilia
1265 3933 1550 4009 tulerant,
1576 3934 1861 4010 praemia
1880 3932 2197 4009 persoluta
2210 3952 2231 3994 .·
2266 3931 2633 3993 Mithridati

211 4038 462 4102 Pontico
507 4037 713 4118 Phry
724 4059 765 4118 9
778 4040 805 4101 i
819 4059 861 4100 a
905 4038 1123 4113 maior,
1167 4035 1320 4114 siliis
1363 4034 1755 4113 AriarathiS,
1800 4037 1967 4116 reyis
2022 4034 2469 4115 Cappadociae,
2523 4036 2633 4113 qm:

208 4142 414 4206 eodem
456 4141 594 4204 bello
637 4141 952 4217 ceciderat,
999 4132 1319 4219 Lycaonia
1365 4144 1420 4203 et
1471 4138 1691 4202 Cilicia
1748 4140 1994 4202 datae.“
2086 4138 2401 4220 Scriptura
2444 4139 2629 4201 fontis

209 4246 492 4310 codicum
548 4246 798 4309 alterius
865 4245 1138 4325 generis:
1205 4242 1498 4323 „Syria“,
1578 4262 1735 4323 quae
1801 4246 2039 4306 retenta
2098 4248 2191 4306 est
2236 4262 2273 4305 a
2315 4244 2366 4305 T
2378 4246 2465 4317 H,
2522 4260 2629 4323 pro
