3120 4920
1557 180 1755 286 '46

818 431 930 494 XV
978 434 1036 507 2,
1076 433 1153 494 16
1233 433 1740 498 locumlcoeundi
1789 437 1866 496 H
1905 433 2075 497 Oros.
2124 432 2219 494 III
2264 433 2369 507 23,
2399 432 2502 494 41.

1237 539 1476 602 locatus
1513 538 1770 602 coeundi
1808 539 1963 619 (loca
2004 540 2223 619 iusque
2254 536 2533 619 coeundi)
2563 537 2604 600 J
2617 540 2656 600 ¹.

1242 643 1437 706 locum
1489 644 1675 707 eundi
1719 643 1786 706 Τ.

716 782 885 845 Haec
952 783 1342 846 inveniuntur
1407 784 1702 864 exempla,
1774 785 1996 865 quibus
2058 801 2461 863 unaquaeque
2524 782 2733 848 classis
2798 782 2932 844 sola

503 887 753 951 secundi
823 888 1100 951 codicum
1167 890 1406 967 generis
1468 907 1613 952 cum
1676 889 1885 954 Orosio
1954 889 2278 964 consentit,
2347 907 2491 951 cum
2551 888 2706 951 aliae
2767 887 2931 950 duae

501 993 668 1058 aliud
704 994 1050 1074 praebeant.
1121 993 1290 1076 Opus
1330 995 1518 1057 etiam
1555 998 1667 1069 est,
1707 999 1779 1057 ut
1815 995 2083 1074 dignitas
2120 997 2197 1056 H
2220 993 2463 1076 penitus
2504 993 2929 1076 perspiciatur,

500 1099 661 1162 locos
709 1102 852 1162 ante
899 1100 1102 1162 oculos
1148 1117 1386 1180 ponere,
1448 1100 1513 1161 in
1572 1100 1793 1181 quibus
1840 1101 2033 1164 altera
2078 1100 2293 1162 classis
2353 1118 2497 1162 cum
2538 1099 2739 1162 altera
2783 1101 2930 1160 utra

500 1205 826 1268 coniuncta
871 1204 1054 1267 tertia
1100 1202 1483 1286 discrepante
1532 1224 1657 1267 una
1702 1223 1846 1268 cum
1892 1205 1993 1268 illo
2042 1205 2330 1287 scriptore
2375 1204 2538 1267 facit.
2584 1239 2591 1245 ·

712 1336 800 1397 Ac
844 1335 1113 1416 primum
1153 1334 1418 1415 quidem,
1463 1338 1534 1398 ut
1571 1335 1861 1418 incipiam
1898 1355 1934 1400 a
1972 1337 2272 1399 classibus
2308 1336 2351 1400 J
2365 1335 2433 1411 T,
2470 1355 2631 1398 unus
2676 1338 2930 1400 tantum

500 1442 667 1504 locus
714 1459 788 1501 ex
831 1441 1221 1503 annotatione
1267 1441 1513 1504 Ruehlii
1558 1441 1769 1504 critica
1813 1441 2064 1522 proferri
2121 1445 2337 1522 potest,
2398 1441 2461 1503 in
2507 1459 2625 1522 quo
2672 1439 2929 1503 Orosius

501 1545 752 1608 adiuvat
795 1563 1188 1608 communem
1233 1565 1447 1609 earum
1495 1545 1902 1609 traditionem.
1996 1546 2322 1628 Reperitur
2365 1547 2464 1609 hic
2510 1548 2573 1629 in
2621 1545 2681 1609 II
2728 1547 2789 1621 4,
2827 1547 2929 1620 12,

501 1651 607 1714 ubi
655 1651 934 1714 scribunt
977 1651 1084 1714 JT
1129 1649 1524 1729 „Lampeto“,
1573 1670 1761 1731 quam
1814 1651 2075 1714 formam
2122 1652 2311 1713 etiam
2373 1651 2623 1715 Orosius
2670 1651 2700 1712 I
2750 1653 2853 1725 15,
2889 1653 2928 1712 4

504 1756 708 1830 habet,
755 1757 818 1817 in
871 1758 948 1815 H
986 1760 1194 1818 autem
1242 1756 1463 1836 legitur
1507 1754 1917 1835 „Lampedoifi

711 1889 1094 1967 Permagnus
1164 1891 1374 1950 contra
1444 1891 1538 1950 est
1606 1906 1900 1950 numerus
1970 1907 2185 1950 earum
2259 1888 2619 1962 lectionum,
2700 1888 2929 1967 quibus

501 1995 803 2076 scriptura
825 1993 868 2057 J
889 1996 966 2055 H
981 2011 1123 2056 cum
1149 1991 1348 2055 Orosii
1375 1992 1571 2054 verbis
1596 1991 1925 2054 dissidente
1948 1992 1998 2054 Τ
2021 1994 2352 2073 conspirat.
2399 1992 2701 2056 Exhibeat
2728 1993 2929 2056 enim:

820 2133 1076 2208 16,16

814 2361 1023 2434 17‚3

812 2692 1054 2767 113,ss

811 2921 873 2983 ΙΙ
921 2924 980 2995 3,
1018 2922 1097 2983 13

809 3250 1045 3327 114,1

1243 2133 1547 2195 maximae
1590 2132 1631 2195 J
1653 2136 1731 2194 H
1768 2132 1939 2196 Oros.
1986 2132 2015 2194 l
2067 2135 2167 2207 19,
2203 2135 2304 2196 10.

1239 2237 1547 2306 decimum
1596 2237 1867 2321 (ducem)
1914 2237 2022 2300 T2.

1238 2360 1311 2422 de
1360 2379 1424 2422 se
1471 2361 1766 2423 sollicitus
1810 2360 1851 2423 J
1872 2363 1958 2428 Π.

1237 2465 1490 2527 sollicite
1539 2464 1709 2529 Oros
1759 2463 1819 2526 11
1869 2467 2061 2540 6,12.
2122 2524 2125 2529 .

1236 2570 1550 2633 desolutus
1596 2569 1705 2632 Tss.

1237 2695 1404 2774 prius
1453 2694 1672 2771 legatis
1716 2693 1758 2756 J
1782 2696 1859 2753 H
1898 2692 2066 2756 Oros,
2115 2694 2143 2755 I
2194 2694 2293 2767 14,
2332 2695 2385 2755 1.

1235 2800 1431 2879 primo
1478 2798 1797 2860 lenonibus
1841 2798 1957 2859 T4.

1233 2919 1506 3001 trepidus
1551 2921 1593 2983 J
1616 2924 1703 2983 H.
2092 2973 2095 2975 ,

1232 3026 1513 3088 territum
1564 3024 1732 3087 Oros,
1782 3022 1812 3086 1
1863 3026 1963 3099 14,
1983 3027 2053 3087 ·3.

1233 3130 1404 3192 deest
1451 3131 1513 3192 in
1557 3129 1670 3192 T5.

1231 3252 1440 3314 Plinos
1486 3253 1527 3315 J
1551 3255 1637 3313 H.

1232 3358 1455 3438 Plynos
1504 3356 1673 3419 Oros».
1727 3356 1755 3418 Ι
1799 3358 1905 3431 15,
1943 3358 1997 3419 1.

1232 3461 1462 3541 Ylynos
1507 3460 1575 3523 Τ.

707 3729 722 3757 ¹
760 3724 822 3775 In
869 3724 1090 3775 lectione
1139 3723 1251 3798 cod.
1302 3722 1347 3774 L
1392 3724 1546 3783 „loca
1595 3722 1851 3787 dasque&
1910 3738 2067 3787 quam
2116 3722 2339 3789 assumit
2386 3721 2671 3788 Ruehlius,
2728 3724 2783 3773 et
2834 3722 2925 3774 ille

491 3811 710 3879 pluralis
747 3814 799 3862 et
834 3810 1029 3863 vocula
1063 3810 1243 3872 „ius“,
1297 3826 1452 3876 quam
1494 3825 1577 3861 me
1613 3808 1905 3876 intelligere
1942 3824 2045 3860 non
2084 3824 2233 3875 posse
2272 3808 2537 3874 confiteor,
2576 3809 2921 3862 offensionem

494 3899 758 3967 praebent.

705 3990 726 4021 2
762 3985 1018 4051 Inspicias
1054 3984 1330 4051 Textequ.
1375 3998 1492 4050 pag.
1536 3982 1653 4035 101.

704 4076 725 4107 ³
761 4072 838 4125 cf.
876 4071 1000 4124 ibid.
1041 4086 1153 4137 pag.
1202 4070 1316 4123 102.

701 4164 726 4195 ⁴
763 4159 880 4213 Vid.
920 4158 1042 4210 ibid.
1083 4174 1198 4225 pag.
1237 4158 1323 4211 99.

703 4250 726 4281 ⁶
763 4248 839 4301 Cf.
874 4246 1001 4299 ibid.
1041 4262 1157 4314 pag.
1197 4245 1282 4298 94.
