3120 4920
1353 251 1438 316 43

155 461 343 523 illum
399 461 603 524 virum
664 460 914 524 doctum
962 481 998 523 a
1046 480 1182 524 vero
1223 462 1558 524 'aberrasse
1616 461 2032 524 demonstrare
2096 478 2269 541 posse
2316 459 2613 522 existima

162 567 390 628 Liceat
453 567 641 645 igitur
687 567 839 628 mihi
887 567 1064 647 paulo
1110 566 1306 629 fusius
1369 567 1679 647 disputare
1728 566 1800 628 de
1846 566 2069 639 causis,
2116 565 2361 646 quibus,
2418 567 2489 626 ut
2534 564 2612 625 ab

157 671 293 733 eius
351 671 470 732 viri
517 671 740 734 iudicio
788 671 1097 745 decedam,
1145 690 1540 738 commoveor.
1616 687 1621 692 “

389 811 424 872 I
471 813 531 886 8,
565 813 622 884 8,
671 813 776 874 ubi
825 813 1122 875 Ruehlius
1170 811 1456 875 Orosium
1501 815 1725 875 testem
1772 813 1923 874 citat
1968 793 2045 872 ad
2093 809 2609 892 comprobandam
2655 797 2658 802 ’

157 916 505 979 lectionem
559 917 601 980 J
659 917 1053 996 „interficii“
1116 921 1326 979 eontra
1387 917 1815 995 ‚,interfecii“,
1885 917 1947 978 in
2006 915 2153 977 ΤΠ
2204 915 2387 977 verba
2447 915 2613 977 illius

155 1022 494 1102 scriptoris
541 1022 937 1085 ecelesiastici
983 1023 1169 1086 nimis
1217 1021 1449 1084 distant
1487 1040 1524 1084 a
1563 1024 1732 1084 textu
1781 1021 2019 1092 Iustini‚
2084 1039 2271 1101 quam
2320 1021 2388 1081 ut
2432 1018 2615 1082 docu-

152 1129 380 1188 mento
451 1146 584 1189 esse
653 1127 900 1208 possint.
1031 1127 1304 1190 Iustinus
1374 1127 1586 1189 scribit
1644 1127 1842 1190 enim:
1908 1122 2127 1204 „Nam
2194 1125 2449 1206 coyniiis
2512 1123 2613 1186 his

159 1229 385 1310 Cyrus
429 1251 714 1294 reversus
747 1251 867 1309 per
911 1235 1144 1306 noctem
1190 1233 1435 1294 saucios
1480 1233 1765 1310 opprimit
1810 1250 2135 1310 omnesque
2170 1227 2431 1308 Scythas
2475 1249 2611 1290 cum

153 1337 432 1414 reyinae
475 1335 604 1414 filio
649 1335 1146 1414 interfecii“;
1216 1335 1466 1399 Orosius
1514 1339 1722 1398 autem
1770 1337 2040 1416 pressius
2086 1354 2216 1397 rem
2264 1334 2352 1396 ita
2402 1337 2615 1396 narrat

152 1439 244 1520 (II
301 1441 366 1514 7,
417 1441 520 1522 3):
590 1461 772 1518 „mox
814 1445 1142 1503 revertente
1195 1439 1352 1520 Cyro
1397 1442 1679 1503 universi
1734 1462 1872 1503 cum
1924 1439 2306 1503 adulescente
2365 1437 2609 1500 obtrun-

157 1548 466 1608 cantnr“.
559 1545 746 1608 Haud
790 1565 926 1607 raro
976 1545 1250 1608 Iustinus
1295 1547 1362 1610 in
1408 1545 1622 1608 eadem
1657 1546 2071 1608 enuntiatione
2105 1562 2389 1626 praesens
2424 1543 2613 1606 histo-

153 1651 368 1713 ricum
418 1654 481 1714 et
527 1650 865 1731 perfeetum
919 1651 1088 1714 iuxta
1135 1652 1301 1732 ponit
1332 1655 1404 1713 ut
1439 1649 1468 1712 Ι
1501 1652 1560 1725 9,
1593 1653 1631 1713 9
1659 1673 1673 1722 ς
1719 1649 1921 1713 XXXI
1956 1652 2013 1724 6,
2048 1651 2083 1712 5
2110 1673 2124 1723 3
2156 1647 2415 1711 XXXIV
2448 1649 2508 1724 4,
2540 1651 2609 1721 23

95 1816 110 1822 ,
151 1755 401 1818 XXXV
451 1756 506 1830 1,
555 1757 595 1817 4
643 1759 756 1819 ete.
806 1756 882 1818 cf.
932 1755 1179 1818 Fischer
1223 1757 1261 1819 l.
1305 1758 1344 1819 l.
1398 1775 1537 1837 pag.
1589 1757 1671 1818 45
1708 1776 1836 1836 sqq.

387 1895 483 1958 111
531 1898 588 1970 5,
637 1898 676 1959 6
723 1915 760 1958 a
806 1896 1064 1959 Ruehlio
1119 1916 1192 1959 ex
1235 1897 1273 1962 J
1321 1900 1635 1977 receptum
1683 1900 1807 1960 est:
1887 1895 2121 1973 „Porro
2181 1893 2609 1972 Athenienses,

159 2021 309 2063 cum
359 2020 728 2080 responsum
759 2004 1192 2082 coqnovissent,
1240 2004 1310 2065 in
1343 2005 1740 2080 contemptum
1770 1999 2225 2080 Spartanorum
2258 2000 2611 2080 Tyrtaeum,

149 2109 409 2182 poetam
467 2105 757 2170 claudum
787 2107 966 2184 pede,
1027 2108 1270 2184 misere,
1319 2109 1429 2186 qui
1489 2105 1686 2170 tribus
1726 2106 1982 2186 proeliis
2026 2107 2069 2185 f
2066 2126 2109 2168 u
2126 2126 2157 2167 s
2170 2127 2203 2169 o
2219 2125 2252 2166 s
2296 2126 2361 2168 eo
2418 2125 2615 2184 usque

161 2209 633 2289 desperationis
679 2209 1026 2290 Spartanos
1085 2210 1370 2290 adduxit,
1432 2217 1502 2274 ui
1545 2232 1751 2275 servos
1808 2232 1952 2274 suos
1996 2212 2085 2274 ad
2136 2210 2615 2290 supplementum

160 2317 481 2380 exercitus
511 2318 1052 2380 manumitterent“
1085 2321 1198 2380 etc.
1267 2317 1501 2380 Nititur
1532 2318 1697 2379 enim
1730 2317 1794 2378 in
1826 2316 2026 2379 Orosii·
2050 2316 2248 2380 verbis
2296 2316 2352 2399 (I
2384 2317 2486 2388 21,
2510 2317 2608 2397 7):

163 2419 699 2497 „Lacedaemonii
732 2421 1050 2503 Tyrreum,
1084 2419 1527 2487 Atheniensem
1559 2427 1826 2502 poetam,
1869 2422 2082 2486 ducem
2112 2420 2345 2501 proelio
2376 2420 2613 2503 leyunt,·

161 2529 277 2605 qui
327 2526 530 2590 tribus
575 2527 948 2607 conflictibus
993 2528 1080 2607 fu
1097 2532 1168 2591 si
1212 2531 1516 2592 amissum
1563 2532 1894 2593 exercitu-m
1932 2533 2143 2592 vocata
2181 2530 2251 2591 in
2282 2527 2613 2591 libertatem

165 2650 494 2697 servorum
551 2652 750 2696 manu
810 2633 1300 2713 suppleverunt“.
1409 2634 1529 2698 Sed
1591 2635 1803 2698 eodem
1864 2636 1992 2697 iure
2040 2635 2227 2697 etiam
2276 2633 2485 2697 Orosio
2532 2632 2610 2695 ad

168 2737 628 2812 defendendam
660 2740 1027 2820 scripturam
1057 2740 1107 2801 T
1129 2743 1204 2801 H
1245 2740 1515 2819 „fusus“
1565 2742 1657 2803 uti
1686 2759 2032 2822 possumuS,
2080 2758 2223 2802 cum
2261 2740 2325 2804 in
2358 2739 2613 2802 lectione

167 2845 229 2905 et
264 2844 472 2907 Orosii
504 2847 566 2906 et
596 2844 817 2907 harum
851 2845 1142 2909 classium
1176 2846 1430 2908 verbum
1463 2846 1860 2924 „fundendi“
1892 2845 1968 2909 ad
2001 2846 2329 2909 relativum
2362 2847 2609 2925 spectet.

391 3001 479 3064 IV
529 3004 585 3077 3,
622 3004 658 3064 5
707 3002 994 3065 exhibent
1037 3003 1204 3067 TH:
1273 3005 1464 3085 „qui“
1511 3004 1665 3084 (scil.
1713 3004 2139 3085 Athenienses)
2199 3023 2353 3081 „seu
2411 3004 2612 3066 studio

167 3108 438 3171 maioris
495 3108 768 3187 imperii,
840 3108 1004 3187 quod
1045 3105 1274 3171 Asiam
1338 3107 1785 3189 Graeciamque
1834 3110 2085 3187 penitus
2150 3112 2609 3187 occupaverant,

168 3230 282 3273 seu
330 3216 494 3275 metu
538 3213 740 3291 factae
773 3213 1080 3291 pridem
1124 3236 1165 3275 a
1212 3211 1637 3293 Syracusanis
1682 3214 1923 3291 classis,
1979 3234 2059 3277 ne
2104 3212 2612 3277 Lacedaemoniis

165 3314 314 3380 illae
375 3320 538 3381 vires
601 3318 971 3396 accederent,
1033 3317 1449 3398 Lamponium
1509 3318 1722 3382 ducem
1780 3339 1919 3381 cum
1962 3318 2157 3381 classe
2216 3320 2286 3381 in
2334 3317 2613 3381 Siciliam

170 3422 400 3486 misere
457 3444 504 3485 e,
554 3445 613 3502 q.
659 3428 754 3486 s.“
868 3424 1168 3489 Ruehlius
1239 3424 1502 3507 sumpsit
1566 3426 1935 3507 scripturam
1994 3423 2189 3487 Orosii
2258 3422 2346 3503 (ΙΙ
2397 3424 2496 3496 14,
2548 3424 2610 3505 7)

175 3532 466 3607 ‚,nuper“
512 3548 618 3610 pro
666 3528 1008 3607 „pridem“‚
1057 3532 1216 3609 quod
1252 3531 1422 3593 illam
1462 3532 1715 3594 lectione
1745 3531 1788 3595 J
1833 3550 2079 3609 „nuper
2098 3546 2104 3549 ·
2122 3529 2326 3593 idem“
2374 3529 2613 3610 probari

171 3634 514 3696 arbitratus
577 3638 687 3695 est.
796 3633 913 3697 Sed
979 3652 1122 3697 cum
1169 3635 1268 3697 ille
1313 3636 1482 3697 loeus
1546 3636 1625 3697 ab
1672 3635 1883 3698 Orosio
1930 3654 2052 3696 non
2098 3636 2185 3697 ita
2232 3634 2308 3696 ad
2357 3634 2610 3697 verbum

175 3735 524 3819 descriptus
571 3742 681 3813 est,
729 3744 800 3801 ut
846 3743 1229 3819 argumente,
1286 3741 1446 3821 quod
1492 3740 1719 3803 habeat
1764 3742 2168 3814 momentum,
2224 3759 2356 3802 esse
2402 3740 2611 3820 possit,

175 3841 316 3905 tum
338 3843 623 3906 lectiones
647 3843 926 3907 codicum
952 3846 1274 3909 manifesto
1298 3845 1631 3909 ostendunt
1648 3846 1710 3908 in
1738 3846 2067 3926 archetypo
2096 3844 2395 3926 seriptum
2420 3844 2609 3907 fuisse

174 3947 518 4023 „pridem“.
605 3948 912 4027 Quoniam
965 3950 1180 4013 deinde
1224 3950 1376 4013 illud
1426 3951 1769 4029 ‚,prideni“,
1818 3950 2165 4031 germanice
2224 3948 2611 4033 „unlangst“,

179 4051 396 4114 eadem
430 4054 484 4115 vi
518 4054 706 4116 etiam
740 4054 859 4116 XII
893 4057 949 4128 6,
987 4055 1022 4116 7
1063 4057 1432 4135 usurpatum
1463 4060 1576 4131 est,
1624 4057 1727 4119 ubi
1762 4055 2059 4119 Ruehlius
2094 4059 2304 4119 eontra
2334 4054 2609 4117 omnium

177 4154 478 4237 librorum
524 4178 715 4222 manu
765 4160 1130 4241 scriptorum
1177 4163 1536 4223 memoriam
1584 4162 1773 4225 edidit
1818 4167 2120 4240 „nuper“‚
2168 4160 2341 4224 nulla
2389 4179 2451 4223 re
2495 4161 2612 4222 im-

182 4263 480 4339 pedimur,
527 4265 676 4344 quin
727 4265 1089 4328 vocabulum
1138 4285 1174 4327 a
1219 4266 1364 4327 ΤΠ
1404 4267 1702 4330 traditum
1751 4270 2133 4350 recipiamus,
