3120 4920
1357 196 1442 258 23

151 425 350 468 aures
420 407 554 486 pari
600 410 820 469 vocum
881 424 1033 467 sonu
1091 404 1491 478 fallebantur,
1554 401 1945 487 „praechrffl
2006 404 2069 466 in
2125 405 2296 467 textu
2352 404 2602 467 inscribi

147 512 370 592 potuit
447 514 518 574 ut
575 511 761 574 etiam
837 507 984 594 „VI
1031 508 1229 572 albis“
1305 510 1370 572 in
1427 509 1544 571 XX
1601 511 1662 585 3,
1709 510 1767 584 8,
1808 501 1943 592 ’,με
1998 507 2182 571 tumst
2240 508 2378 570 XLI
2437 511 2497 584 3,
2545 512 2602 584 6,

152 621 366 700 „tunc
417 615 641 679 neces“
689 616 752 678 in
801 615 995 677 XLIV
1041 616 1099 688 4,
1137 616 1191 677 1.
1283 615 1354 676 In
1401 633 1469 677 eo
1502 615 1825 678 autemab
1857 615 1957 676 illo
1990 615 2115 677 viro
2148 615 2323 677 docto
2368 615 2605 678 dissen-

147 723 294 796 tior,
349 722 520 803 quod
551 740 658 803 pro
694 718 1069 804 „relinquiffl
1117 720 1181 781 in
1229 719 1274 782 O
1295 720 1340 781 E
1360 722 1484 782 1A¹
1506 723 1585 781 Π
1622 723 1859 784 servato
1889 723 2100 783 contra
2138 739 2381 783 omnem
2420 720 2604 783 ratio-

147 846 306 890 nem
358 827 541 908 ponit
583 827 920 908 perfectum
968 844 1004 887 a
1035 826 1250 888 ceteris
1283 825 1592 888 codicibus
1627 823 1943 888 traditum.
2024 824 2393 906 Saepissime
2438 826 2601 888 enim

91 989 98 993 .
147 933 328 1014 apud
381 932 699 995 Iustinum
757 950 1044 1012 praesens
1105 933 1215 993 aut
1258 930 1595 1011 perfectum
1656 931 1722 992 in
1783 931 2088 993 sententia
2132 930 2423 1012 primaria
2468 950 2601 1012 per-

147 1037 319 1100 fecto
415 1041 524 1100 aut
603 1039 917 1118 praesente
1003 1036 1066 1098 in
1154 1035 1456 1098 sententia
1539 1035 1900 1099 secundaria
1976 1036 2267 1116 excipitur
2342 1037 2601 1118 exempli

148 1162 390 1206 causa:
489 1142 744 1204 XXXIV
794 1142 851 1217 4,
886 1143 959 1215 23
1051 1140 1252 1202 XLIII
1300 1141 1508 1217 3,11;
1595 1140 1788 1203 XLIV
1835 1142 1894 1216 4,
1928 1141 1998 1215 4;
2080 1140 2346 1204 XXVIII
2394 1144 2453 1216 4,
2490 1142 2601 1216 10;

149 1247 503 1310 XXXVIII
555 1248 609 1322 l,
645 1248 679 1310 7
728 1245 862 1310 etc.
1536 1243 1541 1251 '

385 1370 558 1432 XLII
606 1371 664 1444 3,
699 1371 738 1431 3
786 1369 1127 1433 afferuntur
1181 1369 1428 1431 nomina
1485 1370 1846 1448 aurigarum
1893 1367 2161 1432 Castoris
2209 1372 2270 1433 et
2312 1369 2599 1452 Pollucis.

149 1477 492 1550 RuehliuS,
539 1475 740 1538 nescio
785 1494 908 1555 qua
955 1493 1141 1537 causa
1174 1474 1496 1548 adductus
1540 1475 1767 1555 recepit
1812 1493 1989 1538 cruce
2031 1475 2277 1555 quidem
2324 1476 2599 1556 apposita
2714 1455 2721 1462 ²

151 1582 543 1663 scripturam
605 1583 683 1642 H
723 1577 1131 1664 „Fryyium“,
1193 1599 1335 1643 cum
1394 1580 1685 1661 praebeat
1732 1578 1777 1643 O
1829 1578 2197 1662 „Ericamffl
2256 1580 2298 1644 J
2348 1578 2597 1664 „Phry-

148 1688 334 1765 qium
354 1685 388 1720 “
440 1686 532 1748 vel
583 1683 975 1770 „Fri-qiam&
1032 1685 1083 1748 T
1132 1682 1531 1768 „Erudium“
1582 1686 1674 1748 vel
1726 1683 2189 1768 „Fraudium“.
2294 1684 2489 1749 Unice
2535 1686 2598 1749 in

153 1790 202 1854 C
253 1792 526 1870 vestigia
584 1791 709 1855 veri
764 1791 1135 1853 remansisse
1198 1791 1396 1853 elucet
1451 1809 1524 1852 ex
1573 1789 1773 1853 Strab.
1820 1790 1907 1852 XI
1954 1793 2014 1866 2,
2050 1792 2150 1867 12,
2208 1791 2313 1854 ubi
2375 1791 2597 1870 legitur

151 1884 387 1972 Ῥέκας
434 1891 743 1981 (Κρέκας)
802 1892 913 1958 καὶ
960 1882 1445 1981 Ἀμφίστρατος.

383 2037 578 2099 XLIV
624 2037 683 2112 4,
720 2039 753 2098 1
816 2037 961 2117 quin
1018 2037 1082 2099 in
1142 2037 1468 2118 archetypo
1516 2036 1819 2100 secundae
1868 2037 2072 2119 stirpis
2119 2037 2398 2102 codicum
2441 2038 2593 2101 illud

159 2141 504 2224 „Cureteffl
568 2141 649 2205 sit
708 2142 1034 2204 temeraria
1097 2142 1330 2205 scribae
1378 2141 1746 2217 coniectura,
1798 2161 1979 2205 nemo
2026 2146 2138 2218 est,
2184 2144 2289 2224 qui
2336 2143 2590 2208 dubitet.

157 2247 390 2312 Restat
439 2247 594 2310 nihil
652 2247 819 2309 aliud
879 2246 996 2308 nisi
1056 2265 1128 2308 ex
1172 2247 1446 2328 reliquiis
1504 2255 1833 2326 germanae
1880 2249 2216 2328 scripturae
2263 2249 2326 2310 in
2375 2247 2420 2312 C
2468 2268 2592 2312 ser-

157 2353 363 2416 vatis:
418 2355 608 2436 „tunc
651 2351 872 2414 neces“
919 2371 1134 2415 verum
1179 2371 1405 2416 eruere.
1508 2350 1827 2434 Ceteroqui
1873 2353 2081 2417 videas
2129 2353 2592 2418 annotationem

24 2459 28 2465 “
159 2457 417 2523 Ruehlii
459 2458 522 2521 in
566 2447 887 2540 Textesqu.
935 2478 1070 2541 pag.
1123 2460 1266 2523 123.

384 2582 698 2645 Postremo
757 2582 834 2644 ad
894 2586 1184 2646 naturam
1243 2563 1429 2663 atque
1487 2583 1751 2646 indolem
1810 2583 2030 2646 codicis
2079 2582 2125 2647 O
2171 2584 2413 2664 penitus
2458 2603 2593 2665 per-

166 2687 556 2767 spiciendam
601 2705 721 2749 non
783 2688 998 2751 inutile
1057 2689 1173 2751 erit
1235 2688 1412 2763 loc08,
1474 2688 1581 2751 ubi
1624 2689 1883 2751 lacunae
1934 2688 1998 2750 in
2040 2688 2245 2753 ιῘΤΠ
2283 2706 2320 2750 a
2365 2686 2412 2751 G
2466 2689 2589 2751 solo

161 2795 336 2857 recte
372 2793 687 2874 suppletae
734 2796 897 2868 sunt,
945 2797 1089 2856 ante
1135 2794 1340 2856 oculos
1385 2812 1623 2875 ponere.
1702 2792 2128 2875 Compluribus
2173 2793 2392 2856 horum
2440 2794 2594 2857 loco-

161 2916 310 2961 rum
358 2917 457 2961 res
502 2898 591 2960 ita
637 2916 701 2961 se
747 2898 950 2973 habet,
1008 2902 1081 2961 ut
1124 2900 1308 2962 verba
1370 2898 1434 2961 in
1482 2896 1528 2961 O
1576 2898 2011 2978 adjungantur,
2070 2900 2294 2979 quibus
2348 2899 2590 2963 omissis

162 3005 300 3066 tota
347 3004 794 3067 sententiarum
838 3005 993 3066 ratio
1036 3006 1222 3085 atque
1271 3006 1589 3067 contextus
1620 3003 2026 3085 perturbetur,
2072 3022 2217 3065 cum
2262 3004 2397 3066 aliis
2445 3004 2590 3066 locis

164 3108 596 3173 additamenta
644 3127 764 3171 non
811 3111 942 3171 tam
989 3110 1332 3172 necessaria
1377 3109 1519 3172 sint.

383 3230 497 3307 Ita,
532 3234 603 3294 ut
633 3232 908 3313 exempla
933 3230 1201 3306 afferam,
1235 3232 1540 3294 sententia
1571 3248 1794 3294 manca
1816 3232 2086 3294 reficitur
2116 3232 2179 3293 in
2202 3231 2380 3294 XXII
2411 3232 2470 3307 5,
2488 3234 2589 3307 12,

166 3336 277 3397 ubi
325 3336 572 3399 additur
615 3337 678 3399 in
713 3334 760 3399 C
811 3335 1195 3420 „silentio“1‚
1243 3336 1305 3398 in
1351 3335 1611 3399 XXXIV
1657 3338 1716 3411 3,
1754 3337 1811 3411 7,
1856 3336 1962 3399 ubi
2012 3335 2260 3419 „sicuffl
2308 3336 2481 3399 deest
2523 3337 2589 3398 in

165 3438 206 3502 J
223 3440 396 3515 ΤΠ,
455 3442 518 3504 in
574 3441 713 3504 XLI
760 3442 818 3515 4,
853 3443 912 3516 8,
969 3461 1088 3522 quo
1144 3443 1272 3505 loco
1318 3442 1470 3505 illud
1519 3441 1737 3525 „tumst
1785 3465 1818 3504 a
1865 3441 1911 3505 C
1970 3441 2277 3522 adjectum
2339 3459 2587 3522 prorsus

167 3546 504 3627 requiritur
531 3549 774 3628 propter
810 3548 1175 3627 praecedens
1225 3546 1469 3629 „cum“.
1535 3548 1781 3611 -Deinde
1826 3548 1996 3610 XLII
2042 3549 2101 3623 4,
2137 3549 2174 3610 8
2222 3547 2323 3610 illo
2372 3545 2583 3631 „iam“

169 3649 232 3712 in
293 3652 504 3715 eodem
560 3652 761 3715 codice
819 3656 1057 3715 servato
1119 3652 1370 3715 demum
1426 3655 1554 3716 tota
1612 3653 1917 3716 sententia
1977 3653 2341 3728 illustratur,
2402 3656 2586 3733 atque

169 3754 322 3818 item
366 3757 432 3818 in
477 3756 678 3819 XLIII
729 3758 784 3830 1,
819 3758 857 3819 6
903 3758 1196 3821 vocabulo
1241 3759 1304 3821 in
1339 3756 1384 3821 C
1425 3758 1690 3839 ascripto
1740 3755 2020 3842 „Picuff
2048 3759 2088 3835 2,
2135 3776 2241 3839 pro
2275 3776 2392 3838 quo
2422 3761 2584 3822 recte

388 3968 405 3996 ¹
441 3963 713 4032 Scriptura
749 3965 1016 4033 archetypi
1052 3966 1313 4019 secundae
1349 3966 1528 4035 stirpis
1559 3968 1818 4021 'codicum
1864 3968 1977 4020 sine
2022 3966 2182 4021 dubio
2218 3967 2443 4021 lectione
2478 3967 2592 4019 ΤΠ

172 4086 204 4111 ,,
218 4049 506 4103 oblivionis
525 4056 556 4082 “
604 4055 1038 4121 repraesentatur,
1090 4070 1212 4106 cum
1254 4054 1288 4107 J
1325 4054 1701 4124 (,‚oblivione“)
1752 4056 2085 4110 manifestam
2133 4056 2378 4123 praebeat
2423 4055 2583 4107 inter-

173 4138 503 4204 polationem.

349 4270 354 4276 .
384 4230 407 4261 2
442 4226 518 4282 Cf.
555 4227 833 4296 Textesqu.
873 4245 988 4298 pag.
1028 4228 1145 4283 125.
