3120 4920
1359 241 1442 303 33

192 466 397 513 vocem
461 447 805 532 „imperio“
866 449 1162 524 venisset,
1224 449 1326 512 illa
1384 449 1503 512 duo
1563 451 1784 513 ultima
1840 451 2024 514 verba
2082 452 2416 533 suspiciosa
2471 471 2603 517 esse

191 555 552 619 viderentur.
668 552 827 617 Cum
889 556 1098 618 autem
1159 555 1530 618 sententiam
1595 555 1724 618 iam
1783 542 2009 638 optime
2067 557 2307 639 scriptis
2362 557 2603 621 duobus
2680 633 2683 636 ⁴

192 661 478 722 membriS
525 659 802 724 concludi
845 663 1108 742 put-aret,
1156 661 1307 722 haec
1353 661 1650 723 vocabula
1696 664 1770 723 ut
1813 662 2185 741 languidum
2230 662 2612 727 additamen-

196 768 330 827 tum
376 765 790 847 praetermisit
832 767 1018 846 atque
1065 768 1274 846 postea
1302 765 1645 830 intertextis
1678 766 1799 828 illis
1849 769 2271 850 „contentique
2315 767 2607 837 victoria“

192 874 434 934 coactus
502 861 706 954 „nec.“
780 871 1060 933 voculam
1127 873 1190 932 in
1265 870 1486 954 „norst
1557 871 1840 934 mutavit.
1950 872 2164 935 Talem
2230 873 2611 953 ingeniosam

192 977 600 1038 coniecturam
661 995 699 1038 a
757 978 964 1039 mente
1025 976 1260 1039 scribae
1320 995 1442 1039 non
1501 976 1765 1039 alienam
1827 995 1959 1040 esse
2016 977 2235 1040 docent
2290 978 2334 1041 J
2395 978 2609 1042 classis

191 1081 675 1162 interpolationes
721 1079 956 1143 XXVII
997 1083 1056 1155 3,
1103 1081 1182 1142 10
1231 1084 1292 1144 et
1334 1081 1538 1144 XXXI
1586 1083 1645 1156 8,
1688 1082 1745 1146 9.
1853 1080 2139 1146 Ceterum
2195 1101 2314 1146 non
2360 1061 2609 1148 necesse

191 1190 283 1249 est
343 1189 614 1249 statuere
668 1187 828 1249 hanc
889 1187 1432 1250 commutationem
1489 1188 1552 1249 in
1611 1205 1733 1249 uno
1794 1187 1995 1250 codice
2055 1189 2117 1250 et
2146 1177 2293 1250 ⁴uno
2339 1189 2609 1270 tempore

190 1291 418 1354 factam
464 1311 615 1366 esse,
678 1291 784 1354 sed
839 1282 1037 1372 potuit
1082 1291 1270 1354 etiam
1317 1292 1380 1354 in
1426 1291 1665 1355 duobus
1710 1293 1803 1354 vel
1849 1293 2263 1374 compluribus
2309 1294 2614 1374 exempla-

189 1397 358 1459 ribus
420 1397 576 1458 oriri.
683 1395 1002 1459 Collocatio
1060 1398 1383 1459 verborum
1446 1445 1474 1480 „
1490 1394 1641 1460 bella
1692 1395 2045 1477 yerebanffi,
2102 1403 2175 1461 ut
2218 1399 2282 1482 in
2324 1399 2375 1461 Τ
2393 1402 2472 1461 Π
2522 1399 2613 1461 in-

190 1501 446 1575 venitur,
502 1501 657 1562 mihi
714 1520 786 1564 ea
843 1501 917 1564 de
962 1519 1152 1564 causa
1197 1502 1396 1580 magis
1441 1503 1661 1582 placet,
1718 1502 1880 1582 quod
1942 1505 2197 1583 scriptor
2240 1503 2429 1567 etiam
2475 1504 2612 1566 aliis

188 1606 334 1668 locis
381 1607 638 1670 verbum
684 1607 932 1669 finitum
975 1607 1038 1669 in
1084 1606 1204 1670 fine
1250 1606 1546 1687 cuiusque
1593 1606 1891 1670 enuntiati
1935 1607 2125 1688 partis
2172 1627 2392 1689 ponere
2440 1609 2609 1672 solet.

401 1727 564 1791 Satis
633 1747 770 1809 ergo
839 1729 990 1792 mihi
1053 1730 1287 1792 elucere
1354 1728 1599 1792 videtur
1662 1749 1731 1793 ex
1800 1730 1915 1792 hoc
1981 1732 2110 1793 loco
2178 1729 2252 1794 de
2314 1730 2611 1794 affinItate

189 1832 481 1896 classium
525 1833 576 1895 T
621 1837 682 1896 et
730 1836 808 1894 H
847 1834 996 1896 nih'rl
1043 1834 1173 1912 cogi
1219 1852 1408 1914 posse.

401 1955 614 2036 Neque
668 1956 962 2020 maiorem
1009 1956 1133 2018 vim
1191 1956 1422 2018 habent
1467 1954 1622 2019 aliae
1676 1957 2011 2037 scripturae
2058 1975 2095 2019 a
2137 1957 2283 2018 ΤΠ
2319 1975 2443 2020 una
2490 1961 2614 2021 tra-

189 2059 377 2134 ditae,
436 2079 578 2122 cum
625 2079 840 2124 earum
887 2061 1248 2141 conspiratio
1295 2060 1577 2122 omnibus
1638 2061 1733 2123 his
1778 2061 1924 2124 locis
1970 2063 2159 2124 etiam
2206 2062 2381 2126 aliter
2426 2065 2611 2143 atque

188 2165 290 2239 ita,
342 2169 412 2227 ut
458 2167 807 2229 statuamus
854 2167 990 2228 illas
1037 2165 1326 2228 lectiones
1374 2184 1406 2228 e
1453 2167 1768 2228 communi
1813 2166 2140 2246 exemplari
2180 2185 2249 2229 ex
2283 2155 2611 2248 archetypo

185 2269 224 2332 J
239 2267 390 2330 ΤΠ
448 2271 628 2354 ducto
689 2270 954 2345 fluxisse,
1015 2270 1326 2350 explanari
1383 2269 1591 2350 possit.
1697 2269 1849 2332 Pars
1908 2270 2070 2332 enim
2123 2271 2345 2333 harum
2390 2271 2613 2335 discre-

191 2374 541 2453 pantiarum
601 2375 688 2438 ita
732 2375 896 2454 gigni
944 2375 1159 2456 potuit,
1206 2378 1278 2437 ut
1328 2375 1392 2437 in
1437 2373 1478 2437 J
1523 2373 1765 2453 ingenio
1822 2374 2265 2456 interpolatoris
2310 2376 2495 2439 verba
2540 2395 2613 2439 ex

191 2482 515 2561 archetypo
577 2482 886 2543 communi
947 2483 1194 2561 sumpta
1251 2481 1747 2543 immutarentur.
1849 2479 1982 2544 Hoc
2028 2482 2327 2561 contingit
2370 2481 2400 2542 I
2449 2482 2507 2555 8,
2550 2484 2609 2555 9,

190 2584 290 2646 ubi
337 2584 485 2646 ΤΠ
519 2586 814 2665 praebent
862 2583 1299 2668 „dolendum“,
1356 2584 1397 2648 J
1449 2583 1780 2667 „doleret“,
1836 2587 1897 2647 et
1944 2584 2063 2646 VII
2110 2588 2181 2660 3,
2212 2587 2270 2661 3,
2322 2604 2439 2665 quo
2482 2588 2611 2649 loco

188 2689 256 2750 in·
295 2689 340 2752 J
385 2690 644 2753 fortasse
703 2708 844 2753 vera
905 2690 1207 2752 sententia
1266 2690 1601 2751 constituta
1664 2694 1758 2751 est
1800 2689 1997 2751 verbis
2060 2690 2245 2773 „suis
2300 2711 2377 2753 ac
2416 2689 2537 2767 filii
2554 2689 2607 2767 “‚

190 2812 333 2857 cum
378 2794 525 2855 ΤΠ
563 2795 886 2858 exhibeant
935 2814 1162 2878 „suum
1201 2793 1354 2871 filiis
1399 2797 1453 2856 et
1469 2792 1520 2855 “.
1608 2794 1815 2856 Altera
1846 2812 1986 2875 pars
2017 2794 2349 2857 lectionum
2381 2798 2611 2869 autem,

189 2900 414 2978 quibus
458 2900 605 2962 ΤΠ
654 2902 865 2962 contra
911 2900 950 2963 J
995 2900 1248 2973 faciunt,
1307 2898 1641 2978 scripturae
1702 2899 1965 2961 varietas
1994 2900 2107 2961 ita
2163 2902 2312 2963 nata
2371 2902 2484 2975 est,
2541 2903 2613 2963 ut

186 3004 250 3066 in
319 3004 483 3067 fonte
553 3004 832 3067 codicum
901 3004 1202 3067 secundae
1271 3002 1477 3083 stirpis
1545 3002 1747 3065 verbis
1813 3004 2123 3081 germanis
2190 3004 2611 3084 interpretatio

191 3110 388 3172 aliena
447 3109 543 3172 vel
601 3110 766 3171 aliud
830 3109 1320 3171 additamentum
1379 3108 1862 3188 superscriptum
1919 3108 2120 3171 fuerit.
2226 3108 2412 3171 Haud
2457 3108 2613 3171 diffi-

189 3215 384 3277 culter
445 3215 607 3278 enim
671 3218 809 3276 tum
869 3213 947 3275 ab
1005 3214 1191 3275 altero
1249 3212 1448 3274 scriba
1497 3212 1681 3275 verba
1738 3212 1870 3292 ipsa
1916 3212 2241 3293 scriptoris,
2299 3214 2376 3275 ab
2422 3214 2611 3278 altero

187 3319 291 3382 illa
349 3319 662 3400 explicatio
722 3319 786 3380 in
846 3321 1085 3381 textum
1149 3316 1524 3396 exemplaris,
1568 3316 1664 3378 sui
1726 3318 1963 3378 assumi
2024 3319 2370 3397 potuerunt.
2479 3316 2611 3396 Quo

187 3424 424 3486 factum
471 3426 580 3498 est,
627 3426 699 3486 ut
744 3442 867 3485 non
915 3440 1256 3502 numquam
1300 3422 1407 3484 illa
1451 3422 1871 3501 interpretatio
1913 3421 1977 3483 in
2020 3420 2071 3483 Τ
2102 3423 2164 3483 et
2197 3424 2275 3483 H
2302 3422 2609 3496 invaserit,

190 3547 334 3591 cum
377 3528 418 3592 J
465 3546 678 3591 verum
724 3528 1069 3590 servaverit.
1162 3526 1294 3589 Hoc
1338 3544 1462 3588 non
1508 3526 1695 3589 nullis
1742 3526 2029 3606 exemplis
2058 3524 2374 3616 *declarari
2412 3528 2613 3606 potest

189 3635 358 3696 velut
403 3634 433 3695 I
480 3635 537 3706 5,
588 3635 623 3696 7
672 3633 740 3715 (J
805 3632 1188 3715 „vindictam
1231 3631 1722 3707 occasionemque
1737 3629 1789 3706 “,
1837 3630 1993 3700 >ΤΠ
2046 3629 2399 3712 „vindictae
2442 3651 2609 3693 occa-

190 3738 523 3820 sionem“),
610 3737 755 3799 XVI
819 3738 890 3811 5,
958 3737 1037 3798 15
1118 3734 1242 3815 (OJ
1317 3733 1839 3817 „obbruncatwr“,
1930 3734 2075 3795 ΤΠ
2144 3734 2609 3817 „occupatur“),

191 3843 370 3905 XXII
402 3844 461 3918 8,
497 3847 532 3905 7
582 3841 714 3922 (CJ
763 3842 1068 3925 „hostium
1113 3838 1345 3914 ἀπάτα,
1393 3840 1549 3901 ΤΠ
1590 3838 1899 3921 „hostium
1943 3840 2272 3903 ewercibmn
2316 3838 2610 3922 ducam),

190 3946 393 4010 XXIV
442 3948 515 4019 6,
561 3947 599 4009 8
671 3944 796 4028 (CJ
867 3942 1480 4028 „respondenuhusffi
1549 3942 1696 4005 ΤΠ
1758 3940 2338 4025 ῃνεεοηαηιῶαειῑ),
2408 3943 2603 4019 8,11

405 4176 424 4204 ¹
478 4158 838 4234 ,‚Ducere“
922 4166 1156 4221 absolute
1227 4168 1426 4220 dictum
1499 4168 1659 4219 etiam
1730 4167 1870 4233 apud
1932 4167 2145 4219 Livium
2206 4166 2612 4233 deprehenditur

192 4260 257 4312 cf.
294 4259 324 4311 I
361 4259 456 4324 233
504 4258 600 4324 273
661 4257 800 4310 XXI
837 4256 930 4322 583
990 4254 1157 4307 XXII
1195 4256 1288 4320 153
1343 4254 1538 4307 XXIII
1581 4254 1661 4307 18.

2190 4360 2221 4411 3
