3120 4920
1664 185 1749 248 26

486 393 650 454 tione
697 391 1092 474 „luxuriosos
1134 392 1225 456 ad
1261 395 1548 472 optimam
1592 393 1832 474 fruyem
1865 413 2183 456 cmzversos
2225 371 2496 472 faisse&
2542 392 2609 454 in
2651 392 2922 456 dubium

483 497 684 560 vocari
733 517 854 560 non
900 500 1150 577 potest.l

694 619 929 683 Pariter
988 620 1386 684 iudicandum
1455 624 1550 684 est
1606 621 1680 684 de
1737 621 1881 684 XVI
1932 622 2123 694 1,19.
2216 621 2333 683 Hic
2401 621 2682 701 scriptor,
2746 623 2921 701 post-

482 743 670 805 quam
743 725 1124 788 Demetrium
1199 726 1568 801 Alexandm,
1654 725 1985 789 Cassandri
2058 726 2215 796 filio,
2303 726 2620 789 interfecto
2700 743 2919 805 regem

482 830 874 893 Macedoniae
923 832 1302 912 appellatum
1349 850 1481 894 esse
1529 833 1818 904 narravit,
1864 832 2096 912 pergit:
2159 829 2612 914 „Lysimachus
2655 851 2917 910 qaoque,

481 955 618 998 cum
683 933 824 998 bello
886 933 1342 1000 Drmnichaetis
1357 987 1374 1014 ‚
1445 939 1609 1017 regis
1671 936 1986 1000 Thracum
2000 987 2015 1013 ,
2084 940 2491 1016 premeretur,
2558 955 2638 998 ne
2704 935 2919 998 eodem

483 1045 739 1119 tempore
777 1045 834 1103 et
868 1041 1171 1104 adversus
1216 1063 1248 1104 e
1261 1062 1305 1103 a
1321 1062 1380 1134 m
1427 1042 1725 1105 dimicare
1764 1061 2009 1104 necesse
2042 1041 2303 1118 haberet,
2349 1041 2585 1104 tradita
2621 1042 2679 1104 ei
2710 1040 2919 1104 altera

477 1149 654 1224 parte
701 1146 1136 1225 Macedoniae,
1193 1168 1351 1227 quae
1395 1145 1751 1226 Antipatro,
1808 1167 2028 1228 yenero
2088 1149 2241 1224 eius,
2302 1146 2637 1224 obvenerat,
2688 1167 2919 1224 pacem

483 1272 623 1313 eam
679 1273 743 1315 eo
801 1251 1008 1330 fecit“.
1100 1252 1196 1316 Ita
1253 1253 1436 1327 enim,
1494 1256 1566 1316 ut
1626 1252 1768 1315 ΤΠ
1806 1253 2047 1326 habent,
2108 1253 2171 1315 in
2217 1253 2545 1333 archetypo
2604 1252 2917 1316 secundae

486 1357 690 1438 stirpis
747 1357 1026 1420 codicum
1092 1359 1320 1420 lectum
1385 1377 1518 1422 esse
1588 1376 1951 1439 persuasum
2022 1358 2231 1421 habeo.
2324 1357 2486 1420 Nam
2554 1377 2699 1420 cum
2760 1361 2917 1432 tota,

487 1481 643 1543 quae
701 1462 1138 1544 praegreditur,
1203 1464 1550 1526 narratione
1611 1463 1685 1526 de
1732 1463 2043 1526 Demetrio
2104 1482 2301 1526 sermo
2346 1462 2549 1536 fuerit,
2604 1463 2686 1536 id,
2746 1463 2916 1543 quod

486 1571 581 1630 est
629 1567 882 1652 „eum“,
942 1569 1035 1631 vel
1083 1569 1280 1631 solum
1339 1569 1490 1631 satis
1550 1569 1927 1647 intelligitur,
1986 1570 2170 1648 atque
2228 1567 2381 1630 illud
2432 1565 2912 1650 „Demetrium“

484 1673 547 1734 in
611 1674 870 1736 lectione
929 1670 976 1736 G
1039 1673 1386 1756 „adversas
1431 1670 1858 1736 Demetrium“
1922 1676 1984 1736 et
2033 1672 2072 1737 J
2136 1672 2478 1756 „adversus
2522 1670 2917 1736 Demetrium

485 1777 665 1841 eum“
739 1779 886 1841 nihil
956 1778 1121 1841 aliud
1190 1782 1284 1843 est
1353 1779 1466 1842 nisi
1535 1779 1851 1860 explicatio
1920 1779 2125 1859 aliqua
2183 1779 2248 1841 in
2319 1781 2567 1860 parente
2626 1779 2915 1840 omnium

484 1885 778 1947 librorum
823 1902 1016 1946 manu
1062 1884 1428 1966 scriptorum
1475 1884 1702 1947 addita.
1774 1884 2076 1965 Equidem
2119 1884 2233 1947 hoc
2269 1884 2417 1958 1000,
2462 1883 2567 1946 ubi
2605 1884 2913 1946 Ruehlius

483 1990 544 2052 in
583 1989 845 2053 editione
893 2008 1006 2052 sua
1037 1987 1083 2052 G
1118 1992 1364 2052 secutus
1404 1992 1515 2064 est,
1564 2007 1943 2071 quamquam
1984 1992 2167 2080 antea
2201 1988 2545 2069 (Textesqu.
2580 2007 2717 2070 pag.
2756 1989 2913 2071 142)

483 2096 610 2175 ipse
673 2091 1140 2178 „Demetrium“
1205 2094 1573 2158 vocabulum
1631 2113 1705 2157 ex
1772 2094 2163 2158 annotatione
2229 2094 2295 2156 in
2361 2093 2524 2157 sonte
2592 2095 2914 2156 communi

485 2199 749 2280 ascripta
809 2201 1012 2262 ortum
1074 2217 1207 2263 esse
1265 2203 1606 2275 censuerat,
1677 2219 1797 2263 non
1866 2199 2067 2279 magis
2126 2199 2180 2261 ei
2242 2199 2701 2263 assentiendum
2772 2219 2911 2262 esse

484 2304 741 2368 arbitror
786 2323 975 2385 quam
1019 2305 1082 2367 in
1127 2323 1258 2386 cap.
1306 2307 1364 2380 3,
1400 2306 1456 2380 1,
1517 2324 1635 2387 quo
1682 2306 1809 2368 loco
1863 2305 2013 2368 item
2059 2323 2232 2368 voces
2283 2304 2630 2387 „adversus
2676 2301 2911 2367 Deme-

484 2409 719 2474 trium“
769 2429 806 2473 a
853 2409 959 2476 CJ
1007 2411 1314 2494 appositas
1360 2410 1583 2474 iniuria
1627 2410 1869 2493 recepit.

695 2533 810 2596 XX
861 2535 913 2610 1,
944 2536 1022 2597 15
1071 2536 1370 2616 scriptura
1406 2535 1448 2599 J
1492 2557 1580 2619 „a
1615 2533 2071 2599 Lacedaemone
2088 2533 2142 2613 α,
2182 2534 2356 2597 cuius
2393 2552 2533 2615 pars
2565 2535 2628 2597 et
2660 2534 2723 2596 in
2753 2533 2916 2608 ΤΠ,

489 2658 644 2721 quae
677 2640 903 2703 habent
937 2638 1439 2724 „Lacedaemone
1453 2639 1506 2718 α,
1555 2645 1619 2705 et
1646 2641 1707 2703 in
1744 2640 1809 2716 G,
1840 2641 1946 2703 ubi
1977 2640 2199 2720 legitur
2232 2662 2317 2723 „a
2348 2637 2843 2702 Lacedaemonia
2857 2639 2913 2717 “,

399 2776 406 2783 -
487 2748 800 2827 reperitur,
847 2746 1170 2809 lectionem
1216 2747 1533 2828 archetypi
1580 2747 1884 2810 secundae
1943 2746 2224 2809 codicum
2279 2745 2546 2807 familiae
2592 2748 2654 2807 et
2697 2763 2915 2807 veram

488 2851 736 2932 quidem
775 2852 1218 2932 repraesentari
1263 2852 1558 2915 existimo.
1655 2849 1811 2935 „A“
1860 2852 2159 2933 particula
2205 2853 2519 2931 praeterea
2565 2849 2919 2914 defenditur

488 2976 607 3019 usu
676 2957 959 3038 loquendi
1027 2956 1264 3032 Iustini‚
1335 2976 1455 3037 quo
1519 2976 1761 3039 semper
1828 2956 1988 3037 apud
2056 2956 2311 3019 verbum
2384 2953 2911 3038 „proficiscendi“

487 3063 825 3125 ablativum
887 3081 1030 3126 cum
1093 3062 1531 3143 praepositione
1588 3062 1664 3124 ad
1716 3061 2110 3125 indicandum
2173 3062 2394 3136 locum,
2454 3060 2616 3123 unde
2675 3060 2915 3141 aliquid

487 3168 628 3243 exit,
676 3170 1025 3249 usurpatur.

699 3273 841 3336 Sola
887 3274 1079 3337 classe
1123 3276 1201 3335 H
1238 3272 1540 3354 scriptura
1573 3273 1754 3335 fontis
1790 3273 2041 3335 alterius
2073 3272 2352 3334 codicum
2391 3270 2628 3350 generis
2668 3272 2913 3333 servata

485 3383 579 3441 est
637 3379 699 3441 in
766 3378 1026 3441 XXXIX
1072 3381 1131 3453 3,
1168 3380 1223 3453 7,
1293 3377 1398 3440 ubi
1462 3381 1540 3439 Π
1592 3380 1753 3440 rect-e
1810 3376 1999 3439 tradit
2067 3378 2335 3460 „victam
2400 3374 2694 3452 hostem“,
2764 3394 2913 3439 cum

486 3485 546 3545 in
621 3483 666 3546 G
739 3484 1032 3567 „ductum
1097 3482 1388 3561 hostem“,
1457 3483 1523 3546 in
1589 3481 1628 3546 J
1642 3482 1693 3544 T
1760 3480 2158 3565 „victoriam
2228 3482 2646 3554 inveniamuS,
2714 3482 2777 3544 et
2842 3481 2910 3543 in

487 3590 680 3652 eiusd.
726 3590 764 3651 l.
814 3590 873 3661 5,
908 3590 966 3663 6,
1012 3589 1117 3652 ubi
1157 3592 1235 3650 Π
1259 3590 1389 3670 pari
1436 3589 1614 3651 modo
1662 3607 1901 3662 nomen,
1948 3590 2020 3649 ut
2066 3588 2195 3650 sine
2243 3587 2424 3650 dubio
2470 3586 2536 3648 in
2578 3587 2909 3666 archetypo

484 3695 526 3759 J
539 3695 686 3758 ΤΠ
725 3694 1019 3776 scriptum
1081 3697 1228 3767 erat,
1292 3694 1550 3758 exhibet.
1645 3694 1848 3756 Habet
1912 3693 2078 3755 enim
2142 3690 2531 3775 „Herotimos
2546 3690 2599 3768 α,
2663 3690 2709 3753 C
2761 3689 2909 3775 „his

486 3804 621 3863 erat
661 3798 904 3863 imabus
921 3798 974 3876 “,
1035 3799 1077 3863 J
1127 3848 1157 3883 ῃ
1171 3797 1554 3862 Hierotimns
1573 3797 1625 3876 α,
1687 3798 1737 3860 Τ
1784 3846 1813 3883 ,7
1830 3796 2149 3861 Erotimus
2167 3796 2217 3861 “.

699 3922 930 3991 Utrum
987 3926 1196 3985 autem
1259 3922 1563 4003 scriptura
1623 3922 1783 3985 bona
1842 3923 2027 4001 atque
2089 3920 2277 4002 proba
2322 3920 2399 3983 ab
2461 3918 2667 3999 aliqua
2712 3918 2909 3981 classe

490 4029 791 4093 secundae
847 4028 1117 4091 familiae
1163 4028 1438 4109 praebita
1484 4026 1831 4092 coniectura
1880 4026 2107 4089 librarii
2160 4028 2307 4088 nata
2352 4043 2432 4087 an
2478 4043 2549 4088 ex
2594 4024 2910 4087 communi

705 4225 723 4254 ¹
762 4220 838 4274 Of.
878 4220 1066 4274 Ruehl.
1106 4220 1186 4273 ed.
1225 4219 1383 4286 praef.
1421 4236 1536 4291 pag.
1576 4218 1730 4275 XIII.

3089 3246 3092 3265 „
