3120 4920
1670 233 1753 294 48

497 439 706 503 XVIII
751 442 866 516 7,1
919 441 1234 504 infeliciter
1281 441 1380 506 CJ
1401 445 1476 503 Π
1515 442 1685 505 OroS.
1733 442 1819 504 IV
1865 445 1923 517 6,
1959 445 2015 506 7.

917 545 1172 610 feliciter
1215 547 1326 610 T1.

497 669 707 732 XVIII
752 671 872 744 7,2
919 670 1202 733 Mazeum
1250 669 1352 733 CJ
1375 673 1452 740 H
1490 669 1660 732 OroS.
1708 669 1795 732 IV
1842 672 1899 746 6,
1936 672 1990 734 7.

920 775 1194 838 Maleum
1240 775 1306 838 T.

495 896 673 960 XXII
721 899 779 973 6,
815 900 851 959 5
915 899 1090 960 villas
1138 899 1514 978 castellaque
1563 897 1663 962 CJ
1687 901 1764 960 H
1802 897 1974 961 Oros,
2023 896 2109 961 IV
2158 900 2215 1016 6,
2250 900 2351 960 25.

918 1004 1170 1066 castella
1217 1004 1513 1083 villasque
1558 1003 1632 1064 T.

709 1126 1040 1205 Reliquum
1085 1130 1194 1200 est,
1242 1129 1313 1188 ut
1357 1127 1545 1188 etiam
1595 1144 1953 1188 enumerem
1990 1127 2169 1199 10003,
2214 1127 2279 1188 in
2318 1126 2540 1206 quibus
2582 1127 2931 1207 scripturae

498 1250 535 1293 a
593 1231 740 1293 ΤΠ
798 1230 1060 1293 traditae
1131 1229 1330 1292 Orosii
1400 1231 1745 1293 testimonio
1814 1231 2254 1313 approbantur,
2323 1250 2467 1293 cum
2534 1233 2599 1293 in
2662 1231 2705 1295 J
2774 1233 2933 1294 insit

498 1335 790 1398 mendosa
837 1335 1029 1398 lectio.
2702 1348 2710 1354 ·

499 1475 529 1539 1
577 1479 634 1550 8,
671 1477 750 1538 13
923 1476 1073 1538 coici
1117 1475 1265 1536 TII
1303 1473 1469 1538 Oros,
1518 1473 1579 1535 ΙΙ
1630 1476 1684 1550 7,
1720 1476 1775 1537 6.

917 1581 1070 1643 caici
1112 1580 1172 1643 J.

497 1704 583 1766 VI
633 1705 689 1776 1,
723 1705 760 1765 2
911 1703 1269 1782 Hercylides
1318 1702 1476 1764 ΤΠ.

916 1807 1269 1888 Hircyliden
1317 1807 1485 1870 Oros.
1535 1804 1630 1868 III
1683 1809 1737 1881 1,
1772 1809 1829 1870 6.
1882 1864 1887 1867 .

917 1912 1274 1975 Herculides
1317 1913 1359 1976 J
1381 1913 1422 1975 2.

495 2036 583 2098 IX
635 2036 686 2106 1,
721 2037 760 2098 6
915 2035 1123 2116 Captis
1169 2037 1376 2114 itaque
1425 2010 1637 2096 CLXX
1684 2035 1943 2097 navibus
1981 2037 2283 2098 mercium
2320 2040 2382 2098 et
2417 2036 2723 2099 distractis
2759 2036 2925 2098 ΤΠ.

920 2139 1145 2221 Captae
1191 2140 1400 2220 itaque
1448 2137 1659 2202 CLXX
1706 2158 1890 2202 naves
1936 2140 2241 2210 mercibus
2288 2140 2585 2204 confertas
2632 2140 2927 2204 distraxit

1235 2244 1404 2307 Oros,
1456 2242 1551 2306 III
1604 2246 1703 2318 13,
1739 2246 1797 2307 3.

922 2349 1129 2431 Captis
1178 2351 1384 2430 itaque
1433 2349 1645 2412 CLXX
1692 2350 1949 2412 navibus
1994 2351 2420 2431 mercibusque
2466 2351 2775 2412 distractis
2822 2351 2869 2414 J
2874 2353 2925 2414 ,Β

493 2474 613 2536 XII
663 2476 718 2548 5,
753 2476 791 2535 9
915 2473 1194 2535 Parimas
1249 2473 1771 2553 Parapammenos
1818 2474 2115 2554 Adaspios
2160 2474 2305 2537 ΤΠ
2343 2473 2512 2536 Oros.
2573 2473 2667 2574 III
2717 2473 2820 2547 18,
2862 2476 2921 2538 7.

915 2578 1483 2659 Parimpammenos
1532 2578 1828 2659 Adaspios
1872 2578 1967 2642 J.4

490 2700 612 2764 XII
662 2704 718 2776 5,
755 2704 834 2763 12
910 2701 1170 2764 Tanaim
1214 2701 1358 2762 ΤΠ
1396 2700 1566 2763 0103.
1616 2698 1711 2761 III
1763 2702 1860 2774 18,
1899 2703 1953 2763 7.

911 2807 1145 2869 Tanain
1193 2805 1287 2869 J.⁵

494 2946 568 2955 ——k-
629 2951 681 2954 -—
814 2948 1080 2954 ----———.——

705 3038 721 3065 ¹
759 3031 1020 3083 Ruehlius
1067 3032 1263 3098 recepit
1311 3031 1627 3097 „feliciter-‘2
1680 3032 1773 3082 scd
1810 3031 2006 3095 dubito,
2056 3048 2183 3083 num
2219 3034 2375 3085 recte.
2461 3032 2599 3084 Nam
2637 3040 2705 3082 ex?
2742 3030 2919 3084 Orosii

490 3120 688 3172 verbis:
728 3136 889 3181 „eum
927 3120 992 3170 in
1032 3119 1234 3171 Sicilia
1270 3119 1368 3170 diu
1417 3118 1823 3184 infeliciter
1870 3118 2241 3181 dimicassent,
2294 3120 2561 3171 translato
2610 3119 2674 3170 in
2714 3119 2915 3171 Sardi-

487 3208 644 3259 nia-m
685 3206 811 3259 bello
846 3206 1046 3257 iterum
1083 3203 1369 3270 infelicius
1404 3206 1541 3258 victi
1574 3212 1740 3259 ,ςἰιπία
1776 3206 1895 3258 1000
1934 3206 2129 3259 clarius
2166 3208 2381 3273 apparet
2415 3206 2565 3257 illum
2603 3206 2917 3273 scriptorem

488 3295 649 3347 etiam
704 3295 755 3345 in
812 3310 908 3345 suo
961 3294 1152 3345 Iustini
1206 3293 1491 3360 exemplari
1552 3294 1925 3359 „infeliciter“
1986 3293 2190 3361 legisse.
2278 3294 2503 3345 Etiamsi
2556 3293 2819 3361 scriptura
2874 3294 2917 3345 T

487 3382 742 3434 memoria
787 3397 962 3433 rerum
1016 3384 1281 3448 gestarum
1333 3381 1649 3446 defenditur,
1695 3384 1868 3434 tamen
1919 3382 2129 3447 propter
2175 3382 2486 3447 optimorum
2530 3379 2746 3433 testiuni
2785 3397 2914 3446 con-

486 3485 700 3521 sensum
737 3469 1000 3521 Iustinum
1055 3468 1111 3518 in
1149 3468 1400 3519 tradenda
1448 3468 1546 3519 hac
1585 3484 1640 3519 re
1677 3484 1877 3519 errasse
1920 3471 2071 3520 extra
2106 3484 2312 3520 omnem
2351 3469 2725 3521 dubitationem
2766 3471 2910 3535 puto.

701 3562 721 3589 ²
757 3556 818 3607 In
855 3558 1006 3606 textu
1044 3571 1076 3607 a
1111 3554 1334 3607 Ruehlio
1371 3556 1653 3607 recensito:
1710 3555 2132 3618 „Hereulides“,·
2173 3556 2226 3606 in
2266 3556 2393 3623 prol.
2431 3556 2465 3612 l.
2508 3556 2608 3608 VI:
2664 3555 2911 3618 „Dercu-

486 3642 686 3704 lides“,·
734 3644 924 3709 yraece
975 3641 1304 3711 Δερκυλίδας.
1393 3643 1470 3695 De
1505 3644 1674 3711 ipsius
1722 3644 1952 3696 nominis
1988 3644 2155 3697 forma
2203 3646 2403 3695 certum
2442 3643 2701 3695 iudicium
2736 3644 2911 3695 facere

485 3747 586 3784 non
626 3731 809 3795 audac,
847 3731 939 3782 sed
977 3730 1238 3782 Iustinum
1278 3729 1667 3797 „Hercylides“
1704 3731 1979 3797 scripsisse
2016 3730 2236 3782 dubium
2276 3747 2377 3783 non
2416 3746 2533 3783 esse
2568 3733 2754 3797 potest.

697 3821 719 3851 ³
754 3816 1028 3882 Ruehlius‚
1077 3817 1169 3883 qui
1221 3832 1533 3869 consensum
1580 3818 1719 3868 inter
1754 3817 1792 3868 T
1812 3808 1869 3867 Π
1910 3820 1962 3869 et
2012 3816 2253 3869 Orosium
2302 3818 2631 3885 ignoravisse
2678 3818 2907 3884 videtur,

484 3904 676 3955 iniuria
709 3903 744 3955 J
780 3904 1031 3969 sequitur.

696 3993 720 4023 ⁴
755 3988 979 4042 Secutus
1019 3990 1383 4067 'coniecturam
1433 3990 1785 4043 Gutschmidii
1832 3990 2091 4043 Ruehlius
2146 3991 2349 4059 posuit:
2409 3992 2526 4054 „vel
2558 3990 2905 4059 Arimaspos,

455 4076 1017 4145 Parapamesadas‘s
1103 4077 1247 4131 Adeo
1296 4080 1470 4131 autem
1519 4094 1551 4131 a
1596 4078 1838 4130 codicum
1884 4079 2145 4145 scriptura
2191 4079 2435 4131 recedere
2486 4094 2605 4131 mea
2651 4080 2909 4131 sententia

485 4181 589 4218 non
625 4164 768 4217 licet.
981 4152 985 4157 ¹

694 4255 717 4285 ⁵
751 4251 816 4303 In
852 4251 933 4303 ed.
971 4249 1183 4303 Ruehlii
1219 4252 1330 4303 sine
1365 4252 1507 4305 iusta
1543 4268 1741 4307 causat,
1792 4251 2101 4315 „Tanain“.
