3120 4920
1688 213 1767 273 10

1766 301 1941 310 ——

523 419 883 502 (explicatur
940 421 1307 502 supplicium
1356 420 1740 502 Hannonis):
1811 440 2071 498 „corpus
2124 419 2471 483 verberibus
2536 419 2805 484 lacerum
2874 423 2952 482 in

519 545 756 588 crucam
795 525 1071 606 ftqitur“‚
1118 524 1179 587 in
1221 525 1388 588 Oros.
1430 525 1516 587 IV
1557 526 1615 599 6,
1648 527 1731 586 20
1779 545 2040 604 „corpus
2072 525 2421 588 verberibus
2458 525 2729 588 lacerum
2773 527 2956 588 cruci

520 629 883 709 suffioeum“,
925 649 1067 693 cum
1103 628 1150 693 O
1187 649 1292 711 pro
1332 629 1685 708 „lacerum“
1722 631 2034 694 exhibea-t:
2089 629 2495 708 „laceratur“,
2541 630 2583 695 J
2599 633 2698 693 11:
2746 630 2953 708 „lace-

518 740 784 798 ratum“.
855 735 1240 799 Postremam
1288 737 1655 817 scripturam
1695 736 1989 798 Ruehlius
2036 736 2263 816 recepit
2308 754 2429 798 non
2476 736 2591 798 sibi
2632 738 2951 809 constanS‚

521 840 814 921 quoniam
884 841 1020 903 aliis
1089 841 1304 904 multis
1367 842 1512 903 locis
1576 839 1770 903 Orosii
1838 840 2177 912 lectionem,
2245 840 2359 902 etsi
2427 858 2637 903 omnes
2706 841 2951 902 codices

521 945 744 1008 Iustini
789 945 956 1008 aliud
1003 945 1274 1019 tradunt,
1324 947 1452 1009 sine
1491 945 1708 1008 idonea
1747 963 1935 1008 causa
1980 945 2469 1026 praeponendam
2507 964 2640 1008 esse
2686 946 2949 1008 censuit.

522 1049 795 1114 Concedo
853 1070 999 1114 sane
1055 1052 1168 1114 hoc
1227 1051 1354 1114 loco
1415 1047 1652 1113 certum
1712 1049 1907 1113 facere
1971 1050 2265 1113 iudicium
2328 1049 2569 1113 difficile
2623 1069 2775 1123 esse,
2838 1051 2951 1112 sed

521 1158 733 1218 tamen
781 1160 928 1236 puto
975 1174 1084 1218 nos
1129 1156 1366 1218 ratione
1410 1156 1541 1234 cogi
1590 1156 1955 1237 scripturam
2000 1154 2050 1217 Τ
2094 1158 2158 1218 et
2204 1154 2401 1218 Orosii
2445 1145 2717 1236 probare.

735 1295 911 1357 Alius
1005 1295 1173 1358 locus
1260 1297 1325 1357 in
1391 1295 1537 1357 XXI
1596 1295 1655 1368 6,
1694 1296 1748 1368 1,
1818 1294 1923 1357 ubi
1992 1314 2029 1356 a
2096 1295 2357 1358 Ruehlio
2448 1295 2742 1376 scriptum
2821 1297 2950 1358 est:

526 1397 982 1482 „Rhodanu-m“
1051 1419 1121 1464 ex
1169 1399 1337 1463 Oros.
1386 1400 1472 1462 IV
1521 1401 1578 1475 6,
1614 1401 1715 1473 21,
1786 1419 1929 1462 cum
1972 1399 2121 1462 ΤΠ
2180 1400 2475 1462 habeant:
2527 1399 2951 1483 „rodanum“,

519 1503 594 1566 J:
647 1503 1119 1588 „rmannum“,
1167 1508 1376 1569 contra
1417 1503 1481 1579 Ο,
1525 1506 1589 1568 in
1621 1524 1739 1585 quo
1772 1505 2034 1584 legimus
2076 1503 2542 1586 „phodanum“‚
2584 1507 2951 1584 argumento

525 1627 657 1671 esse
703 1592 934 1689 nequit,
994 1611 1184 1673 immo
1233 1629 1369 1673 vero
1417 1611 1591 1674 testis
1641 1608 1686 1672 O
1732 1610 2141 1689 praestantiae
2190 1609 2465 1674 adhiberi
2508 1612 2730 1691 potest,
2785 1609 2952 1689 quod

521 1716 760 1794 praeter
796 1715 968 1777 illam
1008 1716 1294 1778 lineolam
1334 1716 1685 1796 scripturae,
1720 1733 1875 1794 quae
1911 1714 2137 1778 dicitur
2165 1715 2563 1790 maiusculae‚
2600 1716 2951 1794 neglectam

521 1819 622 1881 hic
667 1819 851 1882 codex
897 1820 974 1882 ab
1023 1819 1232 1883 Orosio
1278 1821 1485 1883 minus
1531 1820 1791 1884 discedit
1836 1839 2023 1901 quam
2068 1818 2277 1884 JTH.

733 1959 846 2021 Vel
907 1979 980 2022 ex
1041 1961 1156 2023 hac
1211 1961 1680 2042 comparatione,
1742 1979 1865 2041 qua
1925 1960 2257 2023 auctoritas
2318 1957 2364 2022 C
2426 1959 2745 2038 insigniter
2808 1978 2957 2022 con-

526 2063 836 2138 firmatur,
907 2065 1169 2128 efficitur
1233 2066 1409 2128 illum
1479 2067 1749 2129 codicem
1817 2066 2014 2128 multo
2084 2065 2467 2146 antiquorem
2532 2065 2956 2128 recensionem

524 2173 978 2250 repraesentare
1049 2188 1238 2250 quam
1301 2171 1642 2234 secundum
1701 2171 1992 2234 librorum
2055 2189 2245 2233 manu
2308 2171 2670 2251 scriptorum
2732 2189 2953 2249 genus

529 2273 648 2338 Sed
694 2280 950 2356 possunt
995 2277 1184 2339 etiam
1231 2276 1352 2339 alia
1394 2277 1597 2339 multa
1641 2276 1866 2340 indicia
1909 2294 2171 2356 magnae
2220 2273 2266 2338 C
2315 2275 2630 2355 dignitatis
2676 2275 2954 2356 proferri,

525 2383 587 2444 et
631 2381 884 2443 maximi
941 2382 1189 2463 quidem
1247 2383 1542 2444 momenti
1603 2382 1679 2444 ad
1736 2382 2057 2444 veritatem
2119 2381 2549 2444 stabiliendam
2610 2383 2759 2443 sunt
2816 2381 2958 2456 loci,

522 2486 586 2548 in
634 2487 856 2567 quibus
901 2488 944 2551 J
958 2487 1100 2549 ΤΠ
1135 2506 1259 2550 una
1306 2487 1615 2551 diversam
1659 2506 1696 2550 a
1736 2485 1781 2550 C
1828 2488 2160 2569 praebeant
2203 2487 2544 2560 lectionem,
2590 2505 2661 2548 ex
2708 2489 2961 2549 senten-

523 2592 753 2654 tiarum
818 2591 1054 2655 ratione
1113 2593 1209 2657 vel
1269 2612 1390 2656 usu
1459 2593 1745 2674 loquendi
1801 2592 2025 2656 Iustini
2092 2595 2303 2657 autem
2358 2612 2464 2675 pro
2527 2594 2689 2655 certo
2748 2592 2960 2670 colligi

523 2698 716 2779 possit
761 2698 1127 2779 scripturam
1176 2697 1222 2762 C
1269 2717 1400 2761 esse
1445 2717 1655 2761 veram
1702 2700 1764 2761 et
1804 2699 2060 2767 iustam.

738 2820 859 2885 Sed
905 2824 1242 2885 tractemus
1287 2822 1563 2901 singula:

733 2944 879 3006 XVI
931 2946 984 3018 1,
1024 2944 1102 3007 15
1171 2942 1657 3022 „Cassandrum
1721 2965 1859 3007 vero
1910 2948 2176 3023 patrem,
2246 2946 2671 3034 exstinctorem
2733 2948 2953 3026 reyiae

525 3050 758 3129 domuS,
790 3069 918 3113 non
947 3050 1222 3129 feminis,
1255 3070 1380 3113 non
1409 3052 1629 3129 pueris
1653 3051 1997 3128 pepercisse
2018 3068 2131 3112 nec
2158 3068 2454 3127 cessasse,
2486 3052 2691 3129 quoad
2710 3070 2959 3114 omnem

525 3157 815 3234 stirpis
881 3156 1145 3235 reyiae
1199 3154 1531 3218 subolem
1590 3154 1874 3218 deleret.“
1976 3154 2075 3219 Sic
2136 3154 2200 3216 in
2260 3153 2326 3228 Ο,
2383 3155 2447 3217 in
2504 3155 2705 3220 ζΪΤΠ
2751 3155 2957 3219 inest:

522 3262 816 3339 „stirpem
853 3262 1066 3341 reyiae
1101 3259 1388 3324 subolis“.
1460 3261 1631 3324 Prior
1665 3262 1844 3324 lectio
1881 3260 2275 3342 praeferenda
2306 3262 2399 3324 est
2435 3238 2680 3342 propter
2713 3278 2960 3325 morem

525 3365 762 3430 dicendi
807 3366 1136 3447 scriptoris,
1186 3385 1304 3448 quo
1349 3357 1577 3446 ubique
1634 3368 1972 3443 „stirpem“
2019 3365 2383 3428 vocabulum
2442 3366 2727 3446 intelligit
2783 3371 2955 3429 tam-

526 3490 715 3552 quam
780 3470 1118 3555 „gentem“‚
1181 3469 1552 3555 „familiam“
1616 3473 1686 3534 ut
1734 3470 1850 3532 VII
1897 3472 1955 3540 2,
1988 3471 2063 3543 4;
2132 3469 2278 3531 XVI
2324 3472 2385 3545 2,
2417 3472 2486 3545 53
2550 3470 2728 3533 XVII
2778 3472 2832 3544 1,
2868 3474 2948 3546 33

524 3576 760 3639 XXVII
805 3577 1015 3651 2,11;
1112 3575 1404 3638 XXXVII
1461 3576 1520 3650 4,
1569 3577 1626 3649 8,
1698 3574 2035 3653 ‚,subolem“
2102 3594 2313 3639 vocem
2381 3579 2591 3639 autem
2658 3575 2953 3640 omnibus

521 3682 668 3746 locis
721 3680 806 3763 (II
856 3683 913 3756 3,
950 3682 1061 3755 16;
1107 3678 1224 3743 XII
1273 3682 1330 3755 4,
1359 3682 1467 3755 11;
1517 3680 1726 3743 XVIII
1759 3683 1815 3755 5,
1850 3682 1915 3754 53
1968 3680 2202 3743 XXXII
2241 3682 2297 3754 3,
2337 3681 2445 3755 16;
2491 3680 2749 3743 XXXVI
2786 3682 2839 3754 1,
2878 3682 2950 3763 8)

525 3794 849 3870 tamquam
906 3784 1322 3872 „progeniem“
1373 3786 1465 3849 vel
1515 3784 1823 3869 „liberos“,
1870 3804 2181 3865 nusquam
2226 3788 2437 3849 autem
2480 3789 2723 3850 mutata
2762 3787 2963 3864 signi-

525 3894 821 3958 ficatione.
899 3892 1174 3956 Similem
1219 3891 1591 3954 locutionem
1635 3894 1937 3972 usurpant
1980 3891 2166 3954 etiam
2209 3891 2412 3955 Livius
2458 3892 2523 3953 in
2571 3891 2832 3953 XXXIX
2864 3895 2961 3957 24

528 4002 590 4064 et
636 3998 885 4063 Curtius
931 3998 997 4061 in
1043 3997 1128 4060 IV
1165 3999 1265 4060 14.

736 4122 914 4186 XVII
963 4122 1018 4197 1,
1055 4121 1130 4183 11
1182 4120 1256 4183 de
1304 4120 1671 4201 Lysimacho
1732 4123 1793 4183 et
1854 4119 2103 4184 Seleuco
2165 4120 2411 4200 regibus
2471 4120 2695 4184 dicitur
2751 4120 2816 4183 iu
2866 4120 2962 4185 C:

531 4227 700 4307 „Sed
741 4230 813 4291 in
859 4228 975 4291 hac
1018 4230 1214 4291 aetate
1251 4227 1496 4305 utrique
1533 4227 1738 4289 animi
1774 4224 2070 4289 iuveniles
2102 4230 2283 4289 erant
2317 4228 2675 4305 imperiique
2712 4227 2965 4305 eupidi-
