3120 4920
1385 165 1459 228 11

210 383 394 443 tatem
435 377 848 442 insatiabilem
899 375 1189 458 yerebant
1201 396 1222 453 ,·
1276 376 1496 455 quippe
1551 395 1687 438 eum
1740 372 1939 436 orbem
1996 379 2307 437 terrarum
2352 374 2473 437 duo
2517 372 2631 437 soli

211 488 499 562 tenerent,
556 503 656 546 an
669 484 929 564 yustis
975 481 1132 544 sibi
1176 481 1398 542 metis
1441 479 1671 542 inclusi
1714 478 2078 542 videbantur
2122 481 2397 559 vitaeque
2436 479 2626 558 finem

208 609 336 652 non
403 607 716 652 annorum
782 588 1005 666 spatie,
1072 585 1182 649 secl
1240 586 1484 663 imperii
1549 585 1832 648 terminis
1896 583 2297 648 metiebantur
2309 589 2371 661 “;
2436 584 2479 648 J
2492 583 2542 646 Τ
2558 587 2636 646 Π

208 693 494 757 tradunt:
571 693 939 773 „anqustiis
1006 689 1242 754 sibimet
1312 687 1543 752 inclusi
1562 693 1619 752 “.
1735 689 1853 752 Sed
1929 707 2072 751 cum
2148 685 2422 752 Iustinus
2500 689 2628 752 sine

209 799 550 880 exceptione
597 798 854 860 verbum
899 797 1314 876 „an9ustias“
1361 812 1466 876 pro
1510 792 1881 876 „faucibus“,
1919 794 2085 855 nullo
2123 794 2250 856 loco
2290 812 2395 874 pro
2441 794 2627 876 „artis

208 902 466 967 finibus“
532 906 722 984 ponat
788 937 871 946 ——-
941 901 1068 974 loci,
1137 901 1238 964 ubi
1308 900 1460 962 haec
1522 917 1632 961 vox
1694 899 2013 972 invenitur,
2084 902 2263 961 sunt:
2333 897 2365 959 I
2414 898 2626 972 8,10;

209 1007 828 1082 1111,2;12‚18;
907 1005 991 1067 IV
1041 1007 1096 1078 5,
1132 1006 1201 1076 6;
1275 1004 1359 1066 VI
1409 1005 1570 1079 7‚3;
1644 1002 1791 1064 VIII
1839 1004 1896 1077 2,
1931 1003 2001 1076 8;
2051 1003 2111 1077 4,
2147 1004 2263 1076 12;
2328 1002 2415 1065 IX
2463 1004 2626 1076 6,4;

207 1112 295 1175 XI
344 1114 402 1186 8,
436 1114 473 1174 2
523 1149 605 1158 -
655 1110 1000 1191 sequendus
1046 1113 1140 1173 est
1182 1108 1246 1172 G.
1316 1109 1549 1172 Eadem
1591 1108 1646 1169 vi
1686 1108 1885 1170 utitur
1927 1111 2205 1186 „metae“
2243 1108 2627 1170 substantivo

208 1218 397 1280 etiam
443 1217 723 1280 Valerius
773 1216 1076 1278 Maximus
1123 1214 1274 1277 VIII
1313 1216 1366 1289 7,
1414 1216 1532 1276 ext.
1586 1215 1666 1276 10
1714 1216 1776 1276 et
1819 1212 2053 1277 Statius
2100 1211 2247 1276 Silv.
2298 1213 2350 1274 V
2391 1215 2449 1286 3,
2483 1213 2628 1276 255.

217 1321 517 1384 Mendum
561 1320 819 1384 fortasse
855 1321 941 1382 ita
971 1323 1188 1383 natum
1235 1321 1346 1392 est,
1391 1321 1479 1394 ut,
1525 1321 1853 1400 postquam
1899 1318 2202 1392 librariuS,
2251 1317 2425 1380 cuius
2472 1318 2631 1380 oculi

209 1426 287 1488 ab
344 1427 474 1503 „i“
534 1425 738 1488 littera
805 1415 1064 1487 ultima'e
1135 1424 1406 1504 syllabae
1473 1423 1635 1487 vocis
1702 1424 1963 1501 ,‚metis“
2032 1423 2481 1487 aberravissent
2548 1422 2627 1486 ad

208 1531 473 1611 primam
518 1530 786 1593 litteram
825 1529 1135 1610 sequentis
1172 1528 1357 1602 verbi,
1403 1529 1574 1591 illam
1616 1528 1920 1608 syllabam
1966 1529 2393 1608 praetermisit,
2441 1528 2631 1591 inter-

205 1636 439 1716 polator
503 1637 712 1716 postea
781 1635 861 1711 „i
874 1638 912 1666 “
981 1635 1046 1695 in
1114 1634 1487 1713 ‚,an9ustis“
1557 1633 1652 1696 bis
1724 1633 1917 1713 posito
1986 1633 2190 1695 locum
2265 1635 2620 1715 corruptum

206 1758 423 1802 sanare
471 1738 760 1802 studeret.

414 1861 591 1924 XVII
638 1864 696 1937 3,
731 1863 769 1924 3
830 1861 892 1924 in
951 1860 1320 1940 digressione
1382 1860 1456 1926 de
1524 1859 1753 1940 origine
1815 1860 1981 1941 Epiri
2050 1861 2220 1940 regni
2288 1860 2627 1924 narrationi

202 1967 433 2030 intexta
479 1966 722 2030 exhibet
765 1965 840 2030 C:
891 1965 1304 2029 Molossorum
1337 1966 1616 2044 primum
1658 1967 1730 2028 in
1776 1986 1849 2028 ea
1892 1967 2139 2046 reqione
2182 1985 2442 2046 reynum
2482 1966 2625 2045 fuit,

201 2091 387 2151 quos
455 2070 732 2152 Pyrrus,
809 2069 1072 2134 Achillis
1141 2069 1348 2150 silim,
1423 2072 1654 2134 amisso
1716 2091 1837 2149 per
1909 2070 2252 2134 absentiam
2330 2069 2628 2134 Troianis

201 2159 564 2256 temporibus
609 2180 872 2255 paterno
928 2196 1114 2256 reyno
1171 2177 1243 2239 in
1301 2175 1402 2240 his
1461 2175 1605 2239 loeis
1668 2195 1801 2239 eon
1817 2176 1897 2240 cli
1910 2177 1989 2240 di
2004 2179 2044 2238 t.
2143 2177 2266 2257 Qui
2310 2175 2625 2257 Pyrridae

197 2283 419 2360 primo,
470 2285 681 2360 postea
724 2279 1018 2360 Epirotae
1064 2281 1214 2345 dieti
1258 2285 1470 2360 sunt,“
1530 2301 1675 2345 cum
1722 2283 1763 2347 J
1777 2282 1827 2343 T
1842 2285 1919 2343 H
1956 2302 2061 2364 pro
2122 2287 2357 2362 ,‚quos“
2410 2287 2626 2362 ,μεθ’

203 2390 267 2450 et
323 2407 428 2469 pro
489 2387 856 2467 „eondidit“
919 2387 1286 2467 „eonseclit“
1346 2388 1746 2451 substituant.
1838 2387 1958 2451 Sed
2004 2388 2243 2452 duabus
2291 2389 2364 2452 de
2422 2389 2625 2452 causis
2720 2474 2727 2481 .

203 2494 503 2575 scriptura
559 2493 838 2557 codicum
882 2494 1133 2557 alterius
1196 2495 1433 2574 generis
1495 2495 1821 2558 reiicienda
1880 2500 1993 2570 est,
2051 2496 2323 2576 primum
2382 2499 2625 2577 propter

201 2599 463 2661 formam
497 2600 987 2678 grammaticam,
1030 2599 1189 2681 quod
1231 2600 1381 2662 illud
1421 2602 1587 2679 „qui‘
1595 2603 1839 2682 ‘post,
1843 2600 2187 2678 ‚consedit“
2224 2621 2343 2664 non
2382 2601 2621 2675 habeat,

204 2723 323 2784 quo
397 2704 719 2779 referatur,
795 2707 933 2768 tum
1008 2703 1250 2787 propter
1321 2724 1530 2769 rerum
1599 2705 2068 2769 cohaerentiam.
2176 2705 2383 2769 Refert
2451 2707 2617 2769 enim

203 2807 422 2872 Strabo
468 2809 586 2871 VII
635 2812 691 2883 7,
726 2811 764 2872 8
833 2807 944 2871 καὶ
1006 2806 1134 2871 τῶν
1187 2796 1606 2894 Ἠπειρωτῶν
1665 2807 1738 2874 δὲ
1802 2807 2138 2895 Μολοττοὶ
2198 2799 2332 2873 ὑπὸ
2390 2801 2623 2895 Πύρρῳ

197 2910 292 2997 τῷ
334 2912 772 2999 Νεοπτολέμῳ
809 2937 924 2977 του
891 2902 1284 2997 Αχιλλέως
1313 2914 1426 2978 καὶ
1455 2918 1597 2992 τοῖς
1630 2903 1987 3000 ἀπογόνοις
2026 2903 2234 2993 αὐτοῦ,
2276 2914 2625 2993 Θετταλοῖς

200 3003 363 3094 οὖσι,
412 3010 752 3102 γεγονότες.
847 3021 940 3083 Ad
985 3022 1137 3085 haec
1193 3026 1403 3085 autem
1450 3021 1677 3103 optime
1736 3022 1998 3104 quadrat
2042 3022 2219 3085 lectio
2267 3019 2334 3095 C,
2388 3022 2452 3083 in
2499 3040 2620 3101 qua

196 3125 304 3187 illa
364 3124 482 3186 duo
551 3126 905 3206 pronomina
973 3127 1226 3189 relativa
1291 3127 1380 3189 ita
1451 3128 1714 3191 alterum
1780 3129 1954 3191 iuxta
2024 3129 2286 3191 alterum
2353 3127 2621 3209 positum

197 3228 498 3293 offendere
546 3249 667 3293 non
714 3230 953 3306 debent,
999 3250 1140 3293 cum
1190 3232 1418 3313 pariter
1461 3233 1695 3297 dictum
1743 3234 1824 3296 sit
1868 3234 2058 3296 etiam
2104 3234 2225 3296 XII
2272 3235 2329 3307 8,
2365 3235 2422 3307 6,
2458 3234 2514 3307 7,
2562 3236 2625 3297 et

197 3333 633 3399 abbreviatoris
693 3354 916 3400 manus
962 3338 1074 3400 hac
1119 3357 1184 3401 re
1231 3339 1552 3402 indicetur.
1649 3337 2011 3423 „Condere“‚
2068 3339 2229 3420 quod
2276 3338 2618 3419 significat:

201 3442 559 3523 „auctorem
641 3440 838 3517 esse“,
925 3442 1112 3506 habes
1189 3446 1376 3507 etiam
1445 3444 1507 3506 II
1569 3446 1625 3519 6,
1662 3445 1774 3517 11;
1851 3444 1971 3507 XII
2016 3446 2075 3519 9,
2110 3447 2179 3519 2;
2256 3443 2370 3507 XX
2419 3446 2475 3519 5,
2511 3445 2615 3507 91.

197 3544 440 3607 Vitium
499 3545 652 3608 illud
713 3547 776 3608 in
837 3549 1162 3628 archetypo
1207 3549 1246 3612 J
1265 3548 1408 3611 ΤΠ
1462 3549 1640 3612 facile
1700 3568 1768 3612 eo
1824 3550 2003 3613 modo
2060 3550 2199 3612 oriri
2261 3550 2485 3631 potuit,
2546 3552 2618 3612 ut

200 3649 425 3729 aliquis
481 3669 625 3714 voce
690 3651 1042 3734 „primum“
1086 3652 1386 3717 adductus
1446 3674 1549 3735 pro
1586 3660 1822 3734 „quos“
1881 3655 1961 3729 id,
2029 3655 2190 3736 quod
2227 3658 2321 3719 est
2370 3658 2615 3733 „post“,

198 3756 624 3837 Interponeret.

405 3877 613 3941 XVIII
647 3880 706 3953 3,
734 3880 814 3942 18
848 3879 1121 3943 Iustinus
1154 3884 1404 3945 narrata
1433 3884 1636 3957 caede,
1681 3902 1869 3964 quam
1912 3885 2071 3947 servi
2099 3884 2244 3965 Tyri
2278 3886 2616 3950 intulerant

193 3983 462 4047 dominis
521 3986 666 4060 suiS,
730 3985 948 4048 adicit:
1009 3983 1274 4067 „Itaque
1316 3980 1680 4051 Alexander
1740 3988 2048 4071 Maynus,
2112 4010 2249 4053 cum
2305 3992 2613 4053 interiecto

410 4200 424 4229 ¹
466 4196 540 4250 Cf.
563 4196 700 4251 Frid.
721 4198 1028 4255 Borohardt.
1067 4199 1411 4265 Quaestiones
1434 4198 1778 4253 IustinIanae.
1824 4201 2277 4269 Gryphiswaldiae
2300 4201 2450 4266 1875,
2466 4217 2513 4266 p.
2532 4200 2615 4257 18.
