3120 4920
23 3317 49 3360 11

23 3402 49 3466 m

1350 237 1428 299 17

183 445 483 523 instructi,
508 465 628 524 per
657 465 816 526 quae
848 444 1322 507 denuntiaretur
1351 446 1577 525 inqens
1612 442 1871 507 militiae
1893 441 2233 522 periculum
2262 464 2337 506 ac
2366 442 2547 507 labor.
2557 447 2596 476 “

189 548 284 612 Sic
341 552 635 633 scriptum
699 554 792 614 est
849 551 914 613 in
969 551 1229 614 editione
1286 550 1531 613 Ruehlii
1586 549 1928 630 ⁴sec—undum
1988 547 2053 624 O,
2123 549 2303 612 ceteri
2357 549 2594 612 codices

184 657 494 736 praebent:
543 653 930 736 „Scythiae“.
1017 656 1172 719 Utra
1217 656 1395 731 lectio
1441 656 1807 737 praevaleat,
1856 657 2109 736 apparet
2151 654 2477 719 manifesto
2524 674 2597 718 ex

187 761 405 824 verbis:
458 782 678 839 „arma
722 763 1120 842 virtutemque
1163 762 1424 838 animi“,
1474 779 1631 842 quae
1678 761 1751 824 de
1809 763 1973 824 terra
2018 761 2153 842 ipsa
2199 761 2407 824 minus
2454 762 2593 841 apte

186 865 296 926 dici
333 868 581 946 possi-nt,
627 869 690 930 et
725 885 796 930 ea
828 886 911 941 re,
950 867 1112 948 quod
1151 869 1215 929 in
1255 865 1354 931 CJ
1392 867 1689 948 reperitur
1727 867 2060 944 „instructi
2074 868 2132 943 “,
2182 884 2324 929 cum
2362 867 2427 928 in
2462 866 2605 928 ΤΠ

185 970 484 1049 legamus:
532 973 973 1049 „instructae“.

388 1112 526 1175 XLI
576 1115 631 1188 1,
665 1114 746 1175 10
802 1113 1049 1194 praebet
1113 1111 1190 1175 O:
1261 1109 1407 1190 „Hi
1466 1111 1729 1195 (Parthi)
1792 1109 2137 1176 domesticis
2196 1109 2597 1175 seditionibus

187 1211 430 1295 Scythia
476 1217 649 1297 pulsi
704 1217 1084 1281 solitudines
1118 1219 1282 1280 inte-r
1337 1216 1734 1297 Hyrcaniam
1794 1221 1851 1280 et
1902 1215 2133 1281 Dahas
2190 1221 2249 1280 et
2290 1213 2489 1281 Areos
2545 1220 2603 1280 et

186 1318 235 1382 S
234 1342 434 1400 parn
449 1343 527 1386 os
583 1328 639 1386 et
683 1323 1064 1404 Maroianos
1114 1324 1334 1402 furtim
1387 1327 1809 1402 occupavere“.
1903 1323 2285 1405 Archetypus
2349 1323 2601 1387 secundi

187 1427 459 1491 codicum
500 1429 736 1508 generis
773 1429 961 1492 tradit
1001 1427 1472 1512 „Sparthanos“,
1519 1447 1677 1510 quae
1714 1432 1808 1492 est
1844 1429 2171 1493 manifesta
2201 1430 2599 1511 interpolatio

188 1530 548 1610 ‚,Sparnos“
583 1553 754 1598 mare
793 1533 1086 1615 Caspium
1126 1535 1462 1597 accolentes
1503 1534 1690 1598 etiam
1734 1533 1953 1598 Strabo
1986 1534 2109 1597 XII
2148 1536 2201 1610 7,
2233 1538 2262 1597 1
2305 1535 2599 1598 nominat.

189 1635 543 1704 Coniectura
591 1639 1000 1704 Gutschmidii
1045 1637 1494 1718 „Apartanos“
1539 1659 1648 1721 pro
1694 1637 1933 1717 „Areos
1968 1643 2027 1702 et
2056 1637 2396 1719 Sparnos“‚
2444 1660 2601 1721 quae

186 1742 438 1808 Ruehlio
483 1745 700 1826 placet,
747 1765 823 1808 ne
871 1747 1133 1826 speciem
1181 1745 1430 1825 quidem
1475 1745 1603 1808 veri
1646 1745 1849 1808 habet.

389 1885 562 1948 XLII
599 1887 656 1961 1,
681 1889 741 1950 2.
791 1883 1124 1965 „Namque
1153 1881 1414 1966 Scythae
1448 1885 1518 1948 in
1549 1885 1858 1948 auoeilium
1878 1884 2262 1948 Parthorum
2298 1886 2602 1949 adversus

186 1985 575 2069 Antiochum,
621 1988 845 2071 Syriae
886 2011 1105 2072 regem
1151 1991 1420 2054 mercede
1465 1989 1789 2068 sollicitati,
1846 2011 1984 2053 cum
2040 2012 2071 2054 c
2085 2009 2177 2053 on
2190 1991 2233 2070 f
2230 2012 2262 2054 e
2279 1996 2390 2055 cto
2447 1993 2527 2055 ia
2541 2011 2605 2053 m

187 2093 261 2156 be
276 2093 298 2156 Ζ
309 2095 330 2157 l
343 2116 376 2159 ο
451 2098 952 2176 supervenissent
1015 2099 1073 2158 et
1136 2095 1452 2160 calumnia
1525 2096 1776 2160 tardius
1850 2095 1961 2160 lati
2006 2095 2263 2160 auxilii
2334 2096 2604 2160 mercede

185 2198 655 2279 fraudarentur,
719 2201 982 2265 dolentes
1043 2204 1286 2264 tantum
1343 2203 1592 2264 itineris
1646 2201 1888 2280 frustra
1946 2221 2277 2279 emensum,
2336 2221 2474 2264 cum
2516 2200 2609 2264 vel

189 2304 558 2382 stipendium
616 2327 735 2386 pro
787 2307 1104 2369 vexatione
1163 2304 1256 2368 vel
1307 2304 1503 2368 alium
1571 2304 1797 2368 hostem
1863 2306 2011 2369 dari
2076 2305 2196 2370 sibi
2263 2310 2601 2384 poscerent,

187 2411 436 2489 superbo
472 2430 763 2491 responso
800 2410 1019 2491 offensi
1057 2410 1218 2490 fines
1252 2408 1627 2475 Parthorum
1660 2414 1906 2475 vastare
1943 2414 2325 2491 coeperunt.“
2393 2411 2604 2476 Iustus

187 2516 325 2578 ordo
359 2516 685 2581 verborum
717 2518 782 2579 in
815 2515 861 2579 C
885 2517 1037 2579 falso
1077 2518 1494 2580 commutatur
1516 2517 1584 2579 in
1615 2516 1657 2580 J
1673 2516 1825 2592 ΤΠ,
1850 2518 1959 2580 ubi
1996 2517 2292 2599 scriptum
2317 2518 2609 2597 legimus:

186 2622 486 2701 „confecto
530 2620 671 2685 bello
712 2622 900 2685 ia·m“.
987 2621 1175 2683 Nulla
1223 2622 1340 2684 alia
1387 2621 1554 2685 enim
1602 2640 1790 2684 causa
1835 2622 1899 2684 in
1947 2621 2212 2703 Scythas
2259 2622 2453 2685 serius
2499 2623 2608 2685 lati

187 2727 442 2790 subsidii
474 2728 706 2791 crimen
729 2726 1132 2802 deferebatur,
1156 2726 1276 2789 nisi
1302 2728 1462 2808 quod
1493 2726 1799 2805 „confecto
1826 2728 1959 2790 iam
1980 2725 2163 2790 bello“
2195 2727 2605 2791 advenissent.

391 2866 568 2930 XLII
612 2868 670 2943 3,
709 2868 740 2929 1
812 2870 1024 2930 utrum
1086 2866 1282 2929 forma
1349 2867 1616 2929 nominis
1673 2866 1881 2930 fratris
1939 2866 2191 2931 Medeae
2247 2867 2312 2929 in
2368 2867 2433 2943 O,
2503 2868 2609 2948 qui

187 2971 428 3037 exhibet
466 2971 929 3054 „Aeyialeum“,
968 2990 1046 3035 an
1081 2971 1146 3034 in
1173 2971 1215 3035 J
1229 2972 1384 3046 ΤΠ,
1421 2990 1577 3052 quae
1617 2973 1910 3053 praebent
1939 2969 2398 3053 ,‚Ae9ialiuon“‚
2445 2976 2608 3036 recte

186 3076 411 3141 tradita
489 3078 596 3152 sit,
676 3078 1046 3140 diiudicatur
1115 3075 1237 3139 Cic.
1307 3076 1382 3140 de
1450 3078 1578 3139 nat.
1649 3076 1808 3140 deor.
1867 3076 1961 3140 III
2016 3078 2131 3153 48,
2207 3077 2313 3140 ubi
2387 3078 2611 3157 legitur

189 3178 625 3261 „Ae9ialeus“.

393 3304 599 3367 XLIII
646 3305 704 3377 3,
744 3287 827 3367 10'
886 3304 1071 3366 refert
1137 3303 1414 3366 Iustinus
1483 3302 1671 3366 duces
1741 3303 2251 3379 Phocaeensium,
2319 3323 2462 3368 cum
2531 3304 2610 3367 ad

187 3424 392 3487 regem
428 3408 922 3499 Segobrigiqorum
953 3408 1206 3472 foederis
1236 3408 1499 3471 faciendi
1531 3426 1721 3472 causa
1759 3409 2085 3484 venissent,
2132 3428 2276 3472 eum
2319 3412 2380 3472 in
2414 3409 2610 3490 epulis

186 3512 595 3588 instruendis,
663 3514 822 3577 inter
889 3532 1044 3594 quas
1113 3514 1302 3576 filiam
1371 3514 1557 3577 alicui
1627 3514 1692 3576 in
1748 3514 2211 3577 matrimonium
2269 3513 2609 3577 ducendam

190 3617 428 3681 tradere
484 3618 759 3693 voluerit,
821 3620 1186 3699 occupatum
1232 3618 1703 3699 deprehendisse
1761 3622 1823 3681 et
1865 3620 2093 3699 pergit:
2156 3617 2419 3697 „Itaque
2472 3637 2611 3679 cum

188 3721 276 3783 ad
317 3724 579 3801 nuptias
623 3724 870 3786 invitati
912 3742 1120 3786 omnes
1164 3724 1391 3801 proci
1448 3743 1480 3785 e
1493 3742 1526 3784 s
1543 3742 1576 3784 s
1594 3739 1681 3786 en
1695 3727 1750 3801 t,
1804 3726 2105 3804 royantur
2150 3723 2334 3785 etiam
2383 3718 2613 3784 Graeci

189 3824 453 3905 hospites
509 3827 600 3891 ad
657 3828 1056 3890 convivium“.
1149 3828 1266 3890 Pro
1329 3828 1548 3906 „proci
1603 3831 1855 3891 essent“
1908 3828 2138 3891 habent
2187 3827 2229 3891 J
2240 3827 2384 3889 ΤΠ
2421 3846 2611 3906 „pro-

190 3932 518 3995 cessissent
531 3936 589 4009 “,
638 3950 756 4012 quo
795 3932 974 3995 verbo
1021 3931 1096 3995 de
1135 3933 1401 3995 convivis
1443 3933 1521 3996 ad
1565 3951 1783 3996 cenam
1829 3933 2103 3997 invitatis
2147 3932 2243 3995 uti
2288 3951 2408 3995 non
2454 3932 2612 3994 licet.

192 4033 452 4099 Videtur
507 4036 697 4115 igitur
751 4037 942 4099 etiam
989 4030 1126 4110 hic,
1189 4055 1333 4099 cum
1403 4038 1703 4119 scriptura
1750 4035 1797 4100 O
1843 4056 1920 4101 ne
1977 4036 2308 4099 minimum
2365 4035 2613 4116 quidem

189 4140 520 4219 vestigium
586 4140 1068 4221 interpolationis
1137 4141 1394 4216 habeat,
1469 4142 1684 4216 codeX,
1754 4160 1827 4204 ex
1895 4161 2013 4223 quo
2081 4144 2317 4204 ceterae
2386 4140 2613 4201 classes

190 4243 481 4323 originem
529 4244 784 4319 ducunt,
835 4247 943 4307 1199
991 4245 1168 4307 modo
1215 4245 1581 4326 depravatus
1628 4265 1777 4310 esse.
