3120 4920
1345 239 1423 308 41

168 454 506 518 admodum
555 454 774 535 triplex
821 446 1089 535 spatium
1134 456 1411 535 complet,
1470 454 1632 516 iusto
1688 455 1819 516 iure
1864 455 2225 517 contendere
2272 461 2598 535 possumus

169 559 574 639 archetypum
628 559 671 623 J
687 559 834 620 TH
882 558 1127 621 fluxisse
1188 580 1219 622 e
1278 559 1480 622 codice
1543 560 1701 622 binis
1764 560 2067 622 columnis
2124 561 2365 640 scripto,
2424 560 2599 621 cuius

169 664 454 726 versibus
503 664 602 726 hic
645 664 863 726 modus
909 664 1044 738 fuit,
1103 668 1166 730 et
1209 664 1347 726 illas
1407 666 1660 726 lacunas
1706 664 2153 744 praetermissis
2202 664 2459 743 singulis
2505 665 2596 726 vel

170 769 372 832 tribus
418 769 692 832 versibus
737 772 902 831 ortas
949 788 1098 832 esse.

386 909 749 972 Accuratius
807 908 1024 972 deinde
1093 910 1622 991 perscrutantibus
1692 909 1861 971 nobis
1921 909 2192 988 singulas
2264 909 2597 990 scripturas

168 1033 206 1075 a
273 1017 354 1075 H
403 1014 660 1076 traditas
728 1015 1046 1095 apparebit
1105 1015 1268 1078 hanc
1335 1016 1600 1077 classem
1668 1015 1857 1077 etiam
1923 1014 2153 1077 mirum
2216 1015 2279 1076 iu
2342 1014 2598 1076 modum

169 1119 458 1181 accedere
490 1119 566 1180 ad
602 1117 668 1180 O.
745 1119 868 1199 Ipsi
915 1120 1028 1182 loci
1066 1120 1245 1200 paulo
1283 1123 1464 1182 antea
1497 1119 1743 1181 tractati
1784 1117 1994 1181 XVIII
2028 1119 2085 1192 5,
2110 1119 2181 1190 23
2235 1118 2415 1180 XXII
2447 1119 2503 1192 6,
2532 1119 2599 1192 5;

167 1222 374 1285 XXIV
409 1225 465 1297 6,
494 1225 564 1296 63
611 1223 813 1285 XXXI
847 1226 905 1294 3,
937 1225 1003 1296 13
1047 1223 1316 1286 XXXIII
1353 1225 1406 1298 1,
1437 1225 1505 1296 7;
1549 1223 1841 1285 XXXVII
1882 1225 1943 1292 3,
1971 1224 2033 1296 73
2083 1222 2405 1285 XXXVIII
2438 1224 2495 1296 3,
2523 1223 2596 1295 4;

173 1328 276 1401 10,
313 1329 352 1389 2
397 1328 556 1390 hanc
607 1329 1119 1408 propinquitatem
1167 1329 1377 1391 testari
1433 1328 1733 1400 videntur,
1780 1346 2160 1408 quamquam
2212 1328 2395 1389 etiam
2440 1327 2601 1405 cogi·
2669 1392 2673 1396 ,

173 1433 296 1494 tari
341 1433 484 1495 licet
527 1433 638 1495 has
685 1433 970 1495 lectiones
1029 1452 1384 1495 communes
1444 1452 1578 1495 esse
1626 1433 1843 1495 duct-as
1890 1451 1961 1495 ex
2007 1432 2271 1513 principe
2317 1432 2595 1494 omnium

167 1537 469 1600 codicum.
541 1537 735 1599 Multo
780 1538 1026 1600 maioris
1074 1537 1352 1618 ponderis
1399 1541 1543 1600 sunt
1588 1540 1864 1618 exempla
1912 1538 2183 1600 eiusdem
2218 1537 2596 1618 corruptelae

167 1643 228 1704 in
281 1640 329 1704 C
377 1646 438 1704 et
486 1644 564 1702 H
599 1642 1054 1723 interpolatione
1114 1642 1311 1705 factae
1373 1643 1538 1704 velut
1593 1643 1657 1705 in
1703 1643 1817 1704 XX
1862 1643 1922 1716 4,
1968 1644 2003 1704 7
2066 1641 2457 1720 „luxuriosos
2512 1642 2601 1704 ad

166 1749 461 1825 optimam
502 1747 744 1827 fruyem
790 1766 1106 1809 conversos
1150 1747 1390 1826 fuisse“
1424 1751 1484 1810 et
1515 1747 1907 1825 „luxuriatos
1938 1749 2009 1810 in
2039 1749 2329 1826 optimam
2356 1746 2598 1827 fruyem

167 1871 491 1914 conversos
557 1850 799 1930 fuisse“
868 1870 972 1932 pro
1043 1871 1184 1914 vera
1243 1852 1543 1933 scriptura
1612 1854 1653 1916 J
1665 1853 1716 1915 Τ
1784 1852 2216 1929 ,,ῑαωανί”αέοε“
2282 1856 2467 1933 atque
2532 1853 2598 1914 in

165 1956 375 2019 XLIII
422 1958 480 2028 5,
517 1957 589 2018 11
644 1961 1022 2035 „proavum“
1067 1976 1174 2038 pro
1221 1962 1506 2034 „avum“.
1580 1957 1667 2020 Ex
1713 1958 1809 2020 his
1854 1957 2415 2038 interpolationibus
2462 1976 2601 2020 con-

168 2061 419 2124 cludere
463 2080 788 2141 possumus
827 2062 999 2124 illum
1033 2062 1322 2136 codicem,
1369 2082 1486 2143 quo
1519 2065 1817 2126 corrector
1848 2062 2155 2143 archetypi
2191 2064 2269 2122 H
2290 2062 2597 2136 utebatur,

166 2166 446 2246 proxima
491 2167 843 2244 cognatione
886 2186 1002 2230 non
1045 2168 1224 2230 modo
1263 2169 1662 2249 archetypum
1708 2168 1775 2241 T,
1826 2168 1930 2230 sed
1964 2169 2155 2230 etiam
2185 2168 2595 2231 recensionem

170 2270 215 2333 O
251 2272 600 2350 contigisse,
648 2274 710 2333 et
750 2271 1004 2335 fortasse
1052 2292 1122 2336 ex
1169 2274 1496 2353 archetypo
1540 2272 1591 2334 T
1637 2273 2009 2354 descriptum
2057 2293 2126 2334 ex
2160 2272 2205 2335 C
2254 2274 2597 2336 recensione

169 2376 576 2454 emendatum
623 2396 772 2439 esse.

390 2516 608 2579 Videor
653 2518 840 2597 igItur
885 2520 1038 2581 mihi
1086 2519 1349 2582 dilucide
1397 2523 1583 2599 atque
1632 2524 1837 2601 aperte
1886 2521 2134 2583 evicisse
2166 2520 2325 2582 inter
2353 2520 2404 2582 T
2434 2522 2607 2582 et.H

167 2624 465 2685 artiorem
513 2622 1040 2696 necessitudinem,
1088 2623 1176 2685 ita
1221 2628 1294 2685 ut
1337 2643 1408 2685 ex
1455 2626 1724 2705 propiore
1764 2625 1928 2687 fonte
1968 2644 2155 2704 quam
2186 2644 2256 2686 ex
2288 2624 2597 2687 communi

169 2727 480 2791 secundae
531 2728 735 2808 stirpis
783 2728 1057 2791 codicum
1107 2730 1434 2810 archetypo
1480 2729 1817 2804 fluxissent,
1864 2747 1986 2791 non
2033 2728 2421 2793 intercedere.

357 2884 558 2963 -Quae
605 2905 746 2948 cum
803 2886 892 2947 ita
939 2887 1078 2959 sint,
1141 2887 1298 2949 ratio
1343 2888 1605 2961 Ruehlii,
1668 2907 1789 2968 qua
1834 2888 2124 2951 lectiones
2170 2907 2207 2949 a
2250 2888 2397 2950 ΤΠ
2436 2888 2600 2951 exhi-

169 2992 338 3055 bitas
381 2991 422 3055 J
469 2992 819 3054 auctoritati
866 2992 1190 3071 postponit,
1248 3010 1321 3053 ea
1385 2994 1631 3054 tantum
1676 2993 2016 3055 conditione
2065 2996 2225 3054 stare
2272 2997 2485 3073 potest,
2548 2994 2599 3055 si

167 3096 217 3158 T
265 3098 332 3158 et
379 3099 457 3157 H
494 3097 719 3160 classes
778 3098 910 3157 tam
971 3097 1170 3175 exigui
1231 3096 1410 3176 pretii
1455 3098 1680 3172 essent,
1738 3100 1810 3159 ut
1868 3097 2057 3160 etiam
2105 3115 2316 3159 earum
2362 3098 2601 3177 conspi-

169 3202 398 3265 rationi
427 3201 470 3265 J
499 3201 649 3264 fides
695 3199 1090 3282 praeferenda
1135 3203 1313 3263 esset.
1393 3199 1512 3263 Sed
1541 3199 1592 3262 Τ
1622 3202 1837 3267 classis
1878 3202 2141 3283 pretium
2173 3221 2295 3264 non
2327 3204 2597 3265 multum

170 3307 386 3369 cedere
415 3305 458 3368 J
488 3306 755 3370 familiae
802 3305 1088 3385 dignitati
1135 3306 1432 3367 Ruehlius
1478 3306 1607 3386 ipse
1655 3306 1719 3368 in
1762 3305 2084 3392 Textequ.
2133 3306 2231 3385 (cf.
2272 3325 2408 3387 pag.
2449 3308 2596 3389 122)

171 3411 330 3474 satis
377 3410 724 3486 affirmavit,
775 3414 853 3472 H
889 3415 1102 3475 autem
1145 3410 1399 3475 minime
1445 3413 1579 3473 tam
1624 3412 1794 3492 parvi
1846 3410 2194 3473 habendam
2242 3430 2373 3473 esse
2419 3413 2481 3475 et
2525 3431 2597 3474 ex

169 3516 272 3579 illo
322 3534 620 3579 consensu
666 3535 808 3579 cum
856 3515 901 3595 C
948 3516 1210 3579 dilucide
1257 3520 1508 3597 apparet
1553 3520 1617 3579 et
1660 3536 1729 3579 eo
1776 3516 2055 3591 efficitur,
2103 3516 2263 3596 quod
2295 3516 2592 3579 Ruehlius

171 3622 305 3701 ipse
349 3622 667 3702 permultis
713 3622 858 3683 locis
900 3624 977 3682 H
999 3621 1363 3701 scripturam
1395 3620 1672 3699 neglecta
1701 3621 1742 3683 J
1755 3620 1805 3682 T
1836 3622 2279 3701 conspirati0ne
2312 3622 2596 3702 sumpsit.

170 3725 339 3789 Nam
386 3726 722 3790 secundum
767 3726 932 3789 illius
978 3726 1090 3788 viri
1137 3727 1427 3790 selectam
1466 3724 1852 3789 collationem
1884 3726 1963 3786 21
2002 3726 2150 3787 locis
2185 3726 2245 3785 in
2283 3728 2370 3798 H,
2421 3726 2499 3787 12
2533 3726 2596 3788 in

172 3832 211 3895 J
223 3831 277 3893 T
338 3850 403 3895 se
463 3849 674 3894 verum
732 3830 1063 3912 repperisse
1123 3832 1390 3911 putavit,
1457 3830 1783 3911 quinquies
1845 3830 2226 3892 coniecturas
2289 3830 2434 3893 fecit
2490 3833 2600 3893 aut

174 3937 436 3999 aliorum
496 3936 861 4019 emendandi
917 3939 1172 3998 conatus
1228 3936 1522 4017 probavit.
1628 3933 1861 3997 Tamen
1924 3934 2002 3997 ad
2059 3953 2304 3998 omnem
2358 3935 2599 3999 dubita-

91 4110 94 4113 ,
174 4042 402 4104 tionem
462 4040 793 4103 tollendam
855 4045 1038 4121 atque
1096 4040 1278 4102 huius
1325 4040 1538 4103 classis
1593 4040 2024 4103 auctoritatem
2084 4040 2301 4103 melius
2348 4058 2600 4119 cognos-

175 4147 437 4209 cendam
483 4165 726 4209 necesse
772 4165 905 4209 esse
951 4146 1289 4207 existimavi
1333 4144 1753 4225 quaestionem
1799 4144 2042 4219 habere,
2090 4164 2213 4226 qua
2258 4146 2489 4207 ratione
2526 4148 2605 4207 H

175 4253 236 4313 et
295 4255 528 4315 ceterae
591 4250 840 4315 alterius
898 4250 1134 4332 generis
1195 4251 1421 4313 classes
1486 4256 1597 4312 aut
1656 4252 1988 4331 separatim
2048 4254 2157 4313 aut
2218 4251 2409 4313 altera
2454 4269 2595 4319 cum
