3120 4920
1367 226 1448 286 27

171 432 377 495 codice
440 433 718 513 profecta
777 435 884 508 sit,
953 434 1258 497 incertum
1317 437 1412 496 est
1473 433 1587 494 XX
1634 434 1693 506 3,
1726 433 1765 493 8
1832 430 1905 509 (J
1970 451 2089 513 „ex
2151 430 2307 493 albis
2370 429 2611 509 equis“,

174 537 218 599 O
267 535 428 614 „VI
456 536 622 600 albis
670 537 912 617 equis“,
948 539 1091 600 TH
1131 544 1232 623 „et
1269 538 1425 602 albis
1464 539 1637 618 equis
1653 536 1711 620 α)
1740 542 1760 576 ¹
1798 539 1859 600 et
1908 536 2109 597 XLIII
2142 537 2199 610 4,
2225 538 2264 598 3
2308 536 2391 616 (T
2426 554 2608 617 „reqe

172 640 421 705 Narmo
479 640 993 732 ‘Seqobriqiorum
1007 643 1060 722 “,
1147 644 1192 708 C
1267 694 1296 728 7,
1309 664 1478 724 reyes
1551 643 1847 706 aluouum
1860 641 1911 718 “,
1994 641 2035 705 J
2106 690 2134 723 „
2150 661 2288 721 φερε
2360 637 2610 703 Seuauo

171 745 696 829 Seqobiyriorum,
748 751 825 810 H
847 769 1026 829 „reqe
1071 748 1264 813 Nauo
1299 748 1807 830 Seqobriorum“).
1901 746 2223 808 XXXVIII
2270 748 2327 820 3,
2365 748 2464 819 11,
2511 744 2613 806 ubi

170 853 482 916 Ruehlius
547 857 693 916 nota
761 855 1134 935 corruptelae
1203 856 1466 936 ascripta
1533 854 1855 917 lectionem
1921 852 1971 912 T
1992 854 2069 913 H
2132 851 2443 934 „directas
2496 869 2615 928 pro

172 977 293 1020 sua
339 957 676 1021 oration-e“
727 961 1009 1040 sumpsit,
1057 979 1198 1022 cum
1247 959 1293 1023 O
1340 960 1564 1022 habeat
1622 959 1919 1041 „propria
1974 955 2313 1032 oratione&
2383 955 2424 1019 J
2474 955 2617 1036 „di-

171 1067 374 1125 rectas
448 1085 533 1126 ac
596 1063 903 1141 ratione“,
972 1068 1140 1128 totus
1205 1067 1372 1129 locus
1439 1065 1617 1127 valde
1686 1065 2007 1144 suspectus
2068 1064 2189 1136 est,
2258 1061 2417 1141 quod
2478 1060 2621 1122 ΤΠ

173 1169 442 1247 vestigia
493 1169 972 1250 interpolationis
997 1169 1152 1251 ¹prae
1207 1190 1270 1233 se
1315 1171 1448 1245 fert,
1497 1173 1559 1232 et
1618 1168 1757 1230 XLI
1790 1170 1847 1242 3,
1876 1169 1933 1242 6,
1986 1185 2104 1248 quo
2151 1168 2280 1229 loco
2316 1166 2478 1229 idem
2524 1165 2616 1227 vir

175 1272 398 1336 doctus
472 1295 600 1357 „ac
644 1273 844 1337 cura“
900 1276 1144 1357 recepit,
1203 1295 1347 1338 cum
1391 1275 1540 1338 ΤΠ
1581 1278 1805 1357 „atque
1850 1293 2003 1335 cura
2018 1271 2073 1350 α,
2140 1271 2185 1334 Ο
2237 1293 2356 1355 „ac
2399 1275 2542 1333 tura
2558 1269 2611 1347 “,

173 1378 205 1441 J
264 1379 404 1461 „ad
454 1378 718 1442 curam“
783 1381 1050 1456 tradant,
1111 1382 1372 1444 dubium
1419 1385 1529 1455 est,
1592 1399 1749 1461 quae
1809 1379 1985 1442 lectio
2046 1377 2128 1440 sit
2172 1375 2611 1458 anteponenda.

395 1509 609 1572 Verba
655 1511 716 1572 in
765 1510 810 1573 O
857 1512 1084 1575 omissa
1131 1513 1210 1574 ad
1257 1512 1592 1575 orationem
1642 1510 1997 1592 explendam
2042 1509 2401 1583 necessaria,
2458 1527 2613 1588 quae

176 1633 302 1676 una
373 1615 476 1677 vel
549 1615 743 1678 altera
809 1616 1086 1680 codicum
1151 1619 1401 1682 alterius
1471 1616 1675 1698 stirpis
1745 1615 1958 1679 classis
2026 1618 2187 1678 recte
2260 1611 2612 1695 reposuerit,
2670 1695 2681 1704 Ἴ

179 1738 299 1782 non
347 1721 562 1782 multa
609 1723 794 1802 atque
841 1741 1082 1803 semper
1127 1724 1214 1786 ita
1261 1725 1613 1804 comparata
1660 1725 1823 1796 sunt,
1883 1724 1955 1783 ut
1998 1739 2197 1800 neque
2244 1719 2323 1782 ad
2368 1719 2615 1781 coniun-

179 1825 464 1902 gendum
499 1828 941 1890 sententiarum
973 1830 1326 1890 contextum
1357 1829 1627 1889 multum
1654 1828 1897 1890 valeant
1928 1830 1989 1890 et
2017 1826 2194 1889 facile
2227 1823 2614 1888 coniectando

182 1929 340 1993 adici
404 1933 740 2012 potuerint,
801 1934 978 2014 quod,
1040 1936 1113 1996 ut
1167 1933 1293 1995 iam
1355 1933 1638 2007 vidimuS,
1698 1932 1762 1994 in
1822 1933 2081 1995 lacunas
2140 1932 2204 1992 in
2250 1930 2291 1994 J
2302 1930 2445 1992 ΤΠ
2483 1947 2519 1990 a
2566 1927 2613 1991 O

185 2037 511 2117 supplet-as
558 2057 676 2101 non
724 2058 965 2120 semper
1011 2039 1190 2102 cadit.
1277 2041 1567 2102 Attamen
1614 2038 1691 2100 ad
1755 2056 1885 2100 rem
1944 2038 2117 2118 plene
2183 2036 2614 2114 cumulateque

184 2142 628 2220 perficiendam
675 2145 863 2206 etiam
909 2145 1092 2206 huius
1138 2143 1302 2206 modi
1349 2145 1624 2225 exempla
1672 2144 1848 2225 quasi
1910 2141 2341 2224 praetereundo
2404 2139 2615 2203 afferre

186 2247 342 2310 mihi
413 2248 660 2311 videtur
733 2267 946 2330 operae
1021 2249 1288 2329 pretium
1362 2268 1510 2312 esse.
1618 2247 1778 2310 Sunt
1845 2249 2024 2312 haec:
2095 2247 2271 2309 XVII
2340 2248 2396 2320 3,
2431 2246 2507 2307 21
2574 2245 2615 2309 J

190 2372 437 2432 „usque
483 2352 622 2430 ὦπα,
673 2353 717 2416 C
771 2352 950 2436 „iu“‚
1007 2354 1156 2416 TH
1198 2352 1504 2437 „usque“,
1559 2353 1762 2416 XXIV
1812 2355 1868 2426 8,
1905 2355 1985 2415 16
2030 2352 2168 2416 JH
2210 2350 2413 2435 „velut
2454 2349 2613 2428 ad“‚

189 2454 233 2519 C
300 2457 580 2541 „velui“,
648 2459 698 2521 Τ
763 2458 902 2543 „vel
958 2458 1114 2538 ad“,
1183 2459 1506 2523 XXXVIII
1570 2462 1627 2535 8,
1663 2462 1701 2523 8
1764 2459 1805 2524 J
1823 2463 1901 2521 H
1964 2458 2097 2543 „ad
2154 2455 2615 2538 inspicienda“,

189 2560 232 2623 O
285 2563 773 2646 „aspiciendaffl
834 2566 884 2626 T
932 2566 1063 2647 „ad
1105 2564 1579 2643 adspiciendff,
1642 2566 1780 2627 XLI
1828 2567 1887 2638 3,
1922 2566 2001 2627 10
2046 2565 2089 2629 J
2107 2567 2185 2625 H
2226 2563 2424 2646 „fides
2470 2563 2619 2625 dicti

173 2672 601 2749 promissique
615 2669 668 2747 α,
733 2670 778 2733 G
830 2719 858 2753 „
871 2670 994 2749 fide
1028 2672 1440 2750 promissique
1453 2669 1507 2747 α,
1565 2671 1616 2733 Τ
1666 2719 1693 2753 „
1704 2670 1861 2749 fides
1906 2668 2055 2733 dicti
2096 2670 2543 2747 promissisque
2560 2665 2613 2731 “.

186 2774 404 2838 Alium
485 2776 720 2852 locum,
796 2776 1000 2838 XXXI
1050 2778 1105 2851 7,
1146 2778 1202 2851 7,
1277 2777 1382 2839 ubi
1457 2777 1500 2841 J
1514 2777 1662 2837 TH
1728 2776 2010 2839 exhibent
2088 2793 2281 2858 „uam
2351 2792 2545 2853 neque
2562 2772 2614 2851 ‘·‘,

190 2876 234 2939 C
272 2880 644 2962 „nanque“,
693 2884 939 2944 secutus
974 2882 1302 2944 Ruehlium
1340 2884 1694 2961 corruptum
1742 2884 1907 2962 puto,
1955 2900 2097 2943 cum
2134 2879 2457 2943 XXXVIII
2492 2881 2548 2952 7,
2574 2880 2611 2941 5

186 2983 250 3045 in
287 2986 662 3067 scripturam
697 2988 737 3051 J
779 2986 935 3070 „sed
972 2985 1220 3064 etiam“,
1264 3005 1644 3067 quamquam
1677 2986 1753 3049 ad
1797 2987 2168 3049 sententiam
2208 2985 2611 3066 supplendam

189 3074 537 3155 necessaria
597 3094 708 3168 est,
770 3092 1094 3173 probabilis
1155 3092 1418 3173 suspicio
1479 3092 1960 3173 interpolationis
2002 3091 2211 3165 cadat,
2275 3090 2435 3171 quod
2477 3091 2622 3152 TH

188 3192 340 3259 haec
377 3197 568 3261 verba
614 3198 854 3261 omnino
891 3216 1014 3260 non
1052 3198 1299 3272 habent,
1334 3196 1379 3259 O
1413 3216 1609 3260 unum
1648 3198 2013 3260 vocabulum
2050 3195 2319 3280 „etiamst
2355 3196 2612 3281 exhibet.

405 3330 542 3391 Iam
625 3330 812 3409 igitur
893 3330 1230 3394 secundum
1303 3329 1473 3391 illam
1549 3330 1793 3393 Ruehlii
1867 3328 2251 3393 collationem
2328 3328 2612 3391 omnibus

191 3434 571 3507 gravioribus
617 3436 997 3511 lectionibus
1045 3436 1268 3517 quibus
1311 3435 1357 3499 O
1405 3438 1465 3499 et
1510 3437 1704 3499 altera
1750 3436 2029 3499 codicum
2074 3434 2307 3497 familia
2352 3434 2513 3497 inter
2548 3452 2612 3496 se

192 3534 510 3614 dissident,
557 3541 942 3621 pertractatis
988 3540 1254 3604 vidimus
1304 3541 1350 3603 O
1397 3542 1718 3623 permultis
1765 3543 1914 3603 locis
1961 3560 2103 3603 cum
2148 3538 2356 3603 Orosio
2401 3542 2613 3603 contra

192 3640 231 3703 J
247 3641 391 3705 TH
428 3645 647 3720 facere,
709 3646 817 3709 sed
862 3664 1182 3727 nunquam
1243 3647 1366 3709 fere
1413 3646 1673 3708 classem
1723 3645 2031 3728 quandam
2080 3646 2329 3708 secundi
2372 3645 2609 3725 generis

194 3750 534 3813 consent-ire
589 3768 733 3813 cum
799 3752 900 3814 illo
961 3752 1252 3834 scriptore
1309 3751 1733 3826 ecclesiasticO,
1801 3770 1946 3813 cum
2006 3748 2053 3813 C
2115 3751 2235 3813 alia
2305 3750 2609 3831 praebeat.

195 3848 377 3917 Porro
453 3856 730 3919 codicum
808 3856 1064 3937 singulis
1139 3858 1283 3921 locis
1360 3857 1729 3939 comparatio
1803 3875 1915 3919 nos
1992 3856 2221 3932 docuit,
2299 3859 2611 3937 praeterea

197 3960 550 4039 saepissime
610 3962 896 4027 lectiones
958 3982 1080 4025 non
1127 3963 1324 4043 exigui
1371 3963 1666 4027 momenti
1712 3963 1775 4025 in
1832 3961 1873 4025 J
1886 3962 2033 4024 TH
2070 3962 2431 4043 depravatas
2478 3981 2515 4025 a
2563 3960 2609 4025 C

407 4174 425 4205 1
461 4172 736 4225 Lectiones
789 4172 1059 4240 codicum,
1116 4188 1250 4239 quae
1304 4172 1437 4224 mihi
1497 4172 1746 4240 antiquae
1800 4174 1853 4225 et
1898 4188 2053 4225 verae
2108 4188 2222 4225 esse
2274 4172 2607 4241 videbantur,

199 4254 358 4317 primo
394 4258 507 4312 loco
546 4258 726 4327 posui;
764 4276 921 4327 quam
959 4260 1210 4313 rationem
1248 4260 1406 4313 etiam
1443 4260 1582 4315 infra
1618 4261 1920 4318 observabo.
