3120 4920
1602 237 1612 244 ‚
1707 171 1745 231 8

515 395 775 456 quorum
821 377 1223 440 fundamento
1275 380 1484 441 textus
1530 377 1749 441 Iustini
1792 379 2031 454 nititur,
2078 396 2291 440 omnes
2323 396 2442 440 non
2486 377 2698 457 priore,
2745 397 2940 459 quam
2990 414 2997 420 ·

516 482 758 545 saeculo
817 501 1002 556 non0‚
1058 481 1255 544 Orosii
1313 487 1524 546 autem
1582 484 1977 546 historiarum
2035 483 2175 546 libri
2229 483 2357 544 iam
2419 485 2661 545 saeculo
2722 485 2938 563 quinto

517 586 728 667 scripti
775 587 916 662 sint,
961 587 1062 649 ille
1106 587 1424 668 presbyter
1467 589 1655 650 etiam
1697 588 2194 668 antiquissimam
2233 587 2630 650 traditionem
2668 589 2937 668 praebet.

517 690 734 772 Itaque
788 708 897 769 ego
951 691 1230 766 Ruehli0‚
1294 693 1398 772 qui
1458 692 1536 755 ad
1598 691 1875 755 codicum
1936 692 2157 754 Iustini
2214 691 2394 754 fidem
2454 692 2933 770 cognoscendam

518 793 716 858 Orosii
763 796 1192 859 auctoritatem
1237 796 1332 859 ita
1379 797 1643 870 adhibet,
1691 800 1763 859 ut
1806 797 2087 859 omnibus
2134 796 2299 868 10018,
2344 797 2452 860 ubi
2498 796 2746 860 Orosius
2792 815 2939 860 cum

517 900 723 981 aliqua
755 899 1031 980 codic-um
1071 901 1264 964 classe
1303 902 1602 975 convenit,
1651 902 1833 981 verba
1870 920 1977 982 per
2013 902 2193 963 illum
2233 901 2590 981 scriptorem
2628 920 2939 965 commen-

517 1005 664 1068 data
697 1004 761 1066 in
794 1007 966 1068 textu
1010 1008 1213 1086 ponat,
1258 1006 1378 1068 nisi
1423 1006 1584 1090 aliae
1626 1024 1849 1069 causae
1884 1025 1955 1070 ex
1993 1006 2137 1069 locis
2183 1006 2332 1086 ipsis
2379 1005 2599 1070 ductae
2644 1007 2935 1082 officiant,

514 1110 696 1191 plane
742 1109 1060 1172 assentior.

727 1233 927 1311 Atque
975 1229 1022 1293 C
1069 1231 1334 1311 quidem,
1393 1250 1774 1312 quamquam
1832 1233 1897 1294 111
1946 1233 2153 1313 paucis
2214 1235 2461 1295 tantum
2523 1232 2726 1295 libris²
2771 1251 2941 1294 com—

516 1337 750 1418 paratio
780 1335 913 1398 fieri
943 1339 1157 1416 potest,
1193 1337 1512 1416 permultis
1550 1337 1696 1399 locis
1729 1356 1872 1406 cum
1905 1336 2114 1400 Orosio
2143 1337 2293 1400 facit
2326 1340 2535 1400 contra
2567 1355 2939 1400 consensum

517 1441 560 1505 J
572 1441 726 1516 ΤΠ,
772 1459 916 1504 cum
962 1441 1196 1504 codices
1243 1441 1492 1504 alterius
1537 1442 1776 1520 generis
1824 1461 2140 1522 nunquam
2188 1460 2331 1504 cum
2373 1441 2585 1504 Orosio
2630 1443 2844 1504 contra
2892 1441 2940 1504 C

519 1548 878 1626 congruant.

728 1650 1045 1712 Eiusmodi
1089 1651 1364 1730 exempla
1410 1653 1556 1713 sunt
1599 1651 1751 1714 haec
1772 1652 1830 1713 ²:

518 1755 728 1819 XVIII
778 1757 832 1830 7,
869 1757 902 1816 1
975 1755 1201 1818 aversis
1249 1753 1294 1818 O
1344 1754 1514 1818 0108.
1564 1755 1651 1818 IV
1698 1757 1757 1830 6,
1794 1757 1851 1818 6.

977 1859 1244 1924 adversis
1297 1860 1340 1924 J
1354 1859 1509 1922 ΤΠ.

519 1964 730 2028 XVIII
778 1967 832 2039 7,
870 1966 903 2027 7
976 1965 1224 2028 exulum
1271 1962 1316 2027 O
1365 1963 1536 2028 Oros.
1582 1964 1670 2026 IV
1718 1965 1775 2038 6,
1810 1965 1867 2027 8.

979 2069 1169 2132 exulis
1213 2069 1256 2133 J
1268 2069 1419 2133 ΤΠ.

521 2175 668 2238 XIX
715 2176 772 2249 2,
807 2175 844 2237 8
979 2193 1101 2237 11011
1147 2192 1342 2247 800118,
1389 2192 1462 2236 00
1507 2173 1559 2236 81
1605 2173 1752 2236 urbs
1796 2174 1930 2255 ipsa
1975 2175 2153 2254 capta
2202 2175 2381 2246 esset,
2436 2176 2679 2236 maesta
2725 2173 2951 2236 civitas

1151 2277 1285 2342 fuit.
1365 2277 1587 2341 Omnia
1632 2279 1969 2342 ululatibus
2014 2278 2439 2359 personabant.
2516 2276 2580 2340 C.

979 2403 1100 2447 non
1141 2401 1336 2456 secus,
1380 2401 1452 2446 ac
1484 2385 1537 2445 si
1574 2386 1754 2464 capta
1786 2386 1966 2457 esset,
1998 2383 2245 2446 turbata
2280 2383 2493 2445 civitas
2524 2381 2660 2445 fuit.
2721 2381 2957 2446 Omnia

1153 2489 1491 2552 ululatibus
1537 2490 1964 2569 personabant.
2031 2482 2228 2552 0108.
2254 2488 2363 2551 .1V
2410 2489 2468 2561 6,
2506 2489 2603 2551 11.

983 2597 1227 2658 11100810
1273 2594 1484 2657 civitas
1528 2594 1679 2657 fuit:
1734 2595 1939 2657 omnia
1986 2594 2335 2668 ululatibus,
2383 2612 2500 2656 non
2550 2611 2725 2656 secus
2772 2611 2851 2656 ac
2903 2595 2965 2657 si

1155 2700 1302 2762 urbs
1348 2700 1480 2780 ipsa
1525 2704 1707 2782 capta
1753 2704 1930 2775 esset,
1976 2700 2383 2781 personabant
2418 2699 2461 2763 J
2471 2698 2521 2759 T
2538 2701 2625 2762 Π.
2700 2786 2703 2788 Α

525 2805 673 2867 ΧΙΧ
718 2806 778 2880 3,
813 2806 844 2867 1
984 2806 1045 2866 01
1088 2804 1217 2885 ipse
1265 2803 1311 2867 C
1359 2803 1529 2868 0108.
1577 2805 1661 2868 IV
1712 2806 1768 2880 6,
1805 2806 1903 2867 14.

979 2910 1152 2990 inops
1197 2909 1240 2973 J
1255 2909 1405 2972 ΤΠ.

527 3015 642 3079 XX
689 3016 746 3091 5,
780 3016 817 3078 8
984 3014 1422 3077 Mediolanium
1470 3014 1516 3077 G
1566 3014 1735 3078 0108.
1784 3014 1869 3076 IV
1919 3015 2018 3088 13,
2055 3016 2155 3077 15.

981 3119 1398 3182 Mediolanum
1439 3119 1483 3183 J
1495 3114 1648 3182 ΤΠ.

747 3333 766 3362 ¹
801 3328 946 3383 Libri
979 3327 1059 3381 illi
1093 3328 1286 3381 enotati
1321 3328 1448 3381 sunt
1483 3328 1541 3380 in
1573 3327 1745 3382 Caroli
1782 3326 2187 3396 Zangemeisteri
2222 3326 2343 3381 edit.
2400 3326 2572 3380 Orosii
2608 3327 2961 3383 Vindobonae

532 3417 685 3472 1882.
757 3433 873 3485 pag.
913 3416 1034 3471 695.

741 3508 764 3539 2
801 3503 1132 3572 Quamquam
1163 3502 1402 3557 nonnulli
1429 3502 1537 3556 loci
1566 3503 1673 3555 iam
1704 3518 1736 3555 a
1758 3501 1983 3555 Ruehlio
2012 3500 2201 3569 prolati
2226 3502 2349 3554 sunt
2378 3501 2674 3570 (Textesqu.
2700 3517 2820 3571 pag.
2843 3504 2960 3572 37),

530 3594 710 3647 tamen
745 3592 812 3645 ad
847 3607 958 3644 rem
995 3591 1365 3659 perficiendam
1405 3591 1582 3643 omnia
1627 3590 1888 3643 eiusmodi
1936 3588 2177 3657 exempla
2224 3604 2293 3641 ex
2339 3588 2485 3641 illius
2530 3588 2639 3641 viri
2680 3589 2822 3641 docti
2859 3592 2963 3643 ad-

531 3680 794 3735 notatione
853 3679 1035 3733 0111100
1093 3694 1400 3732 enumerare
1460 3694 1647 3745 operae
1705 3678 1934 3745 pretium
1998 3677 2211 3744 putavi,
2274 3692 2337 3729 ea
2391 3676 2727 3743 potissimum
2789 3693 2967 3731 causa

533 3772 852 3834 0011111101118,
913 3767 1052 3835 quod
1097 3766 1268 3819 multa
1315 3765 1510 3819 selecta
1555 3764 1770 3818 Ruehlii
1817 3764 2093 3818 collatione
2140 3763 2425 3817 lectionum
2474 3780 2521 3817 a.
2560 3763 2697 3817 1886
2746 3765 2967 3831 publici

533 3856 669 3909 iuris
698 3856 839 3908 facta
867 3856 921 3907 et
949 3855 1156 3922 reperta
1185 3853 1353 3907 classe
1381 3858 1442 3905 H
1463 3854 1669 3906 mutata
1692 3854 1832 3920 sunt,
1864 3855 2023 3920 atque
2054 3852 2261 3921 egregia
2285 3850 2693 3921 Zangemeisteri
2723 3852 2967 3906 editione

534 3944 714 3996 textus
752 3941 920 3996 Orosii
955 3958 1096 3994 nunc
1134 3942 1348 3994 demum
1384 3941 1701 3994 constitutus
1738 3942 1834 3995 est.
1907 3940 2184 3993 Praeterea
2218 3955 2567 3992 commemoro
2600 3954 2687 3991 me
2734 3940 2966 4009 ubique,

535 4032 636 4084 nisi
683 4030 830 4083 aliud
876 4029 1011 4096 dico⁷
1061 4045 1186 4082 cum
1231 4028 1456 4095 Ruehlio
1491 4027 1788 4095 lectionem,
1838 4044 1973 4096 quae
2007 4027 2198 4079 nititur
2230 4026 2333 4079 fide
2369 4024 2557 4094 Orosii‚
2597 4028 2967 4095 comprobare.

537 4117 762 4172 Omnino
797 4134 866 4170 ex
899 4116 1107 4170 silentio
1152 4132 1269 4169 meo
1318 4116 1601 4169 concludas
1638 4114 1817 4183 velim,
1855 4115 2015 4167 etiam
2052 4115 2107 4167 in
2137 4113 2282 4167 illius
2317 4114 2420 4168 viri
2456 4114 2682 4168 editione
2723 4114 2975 4171 inveniri

537 4206 848 4273 scripturam
888 4221 920 4258 a
954 4220 1040 4257 me
1074 4203 1359 4257 laudatam.
