3120 4920
1630 180 1712 241 36

456 385 760 472 optimum
838 390 1040 452 visum
1109 388 1448 452 Demadem
1516 393 1579 452 et
1658 389 2050 462 Phocionem,
2121 388 2225 468 qui
2292 388 2421 450 iam
2488 389 2669 449 antea
2747 388 2901 466 post

458 513 729 577 pugnam
793 494 1280 557 Chaeronensem
1327 513 1364 556 a
1409 494 1685 575 Philippo
1743 512 1971 574 aequas
2032 493 2202 574 pacis
2262 491 2637 554 condiciones
2690 491 2903 571 irnpe-

458 602 786 674 traverant,
849 600 925 662 ad
988 618 1194 679 regem
1241 601 1484 662 mittere
1533 599 1773 660 veniam
1819 601 2113 680 petituros
2170 601 2355 678 atque
2401 597 2895 670 confirmaturoS,

461 724 524 768 se
571 705 646 768 de
691 705 814 768 illis
861 705 1024 779 viriS,
1085 705 1135 767 si
1183 704 1414 767 iudices
1461 723 1563 766 cos
1616 722 1805 785 poena
1852 704 2057 783 aliqua
2104 703 2455 765 afficiendos
2502 720 2633 764 esse
2678 701 2902 763 decre-

461 810 708 883 vissent,
756 810 1123 890 supplicium
1169 828 1410 872 sumere
1456 813 1703 890 paratos
1750 827 1901 872 esse.
2010 811 2209 888 Atque
2256 807 2519 888 profecto
2564 807 2654 868 illi
2698 805 2898 884 legati

461 915 539 977 ab
608 915 944 982 Alexandro
1011 915 1452 995 impetrarunt,
1530 917 1601 976 ut
1672 912 2109 976 Charidemum
2179 914 2372 975 solum
2446 912 2684 974 exulem
2754 910 2903 972 fieri

459 1020 723 1094 iuberet,
793 1025 1023 1082 ceteros
1083 1023 1292 1082 autem
1354 1020 1573 1082 liberos
1636 1037 1769 1081 esse
1832 1019 2072 1081 sineret.
2188 1017 2324 1095 Qua
2383 1035 2451 1080 ex
2512 1035 2577 1079 re
2633 1019 2904 1096 apparet

461 1126 784 1188 lectionem
830 1125 869 1189 J
918 1143 1052 1188 esse
1098 1125 1274 1205 plane
1319 1143 1683 1205 perversam,
1742 1128 1927 1203 atque
1976 1123 2055 1196 id,
2116 1123 2275 1203 quod
2334 1126 2426 1184 est
2485 1120 2745 1203 „hacc“,
2812 1121 2902 1182 ab

463 1231 665 1310 aliquo
738 1231 864 1291 viro
932 1230 1141 1302 doct0,
1209 1230 1312 1309 qui
1373 1230 1451 1292 ad
1529 1227 1983 1310 „paratisquess‘
2055 1228 2423 1289 infinitivum
2504 1225 2900 1296 desideravit,

463 1334 775 1397 adiectum
822 1353 973 1397 esse.
1068 1333 1161 1397 De
1208 1353 1271 1395 re
1317 1334 1450 1414 ipsa
1494 1335 1780 1416 inspicias
1822 1334 2055 1395 Arrian.
2090 1332 2121 1394 Ι
2158 1335 2257 1406 10,
2302 1332 2544 1393 Diodor.
2576 1329 2751 1392 XVII
2792 1331 2902 1402 15,

466 1439 777 1502 Plutarch.
825 1438 1140 1502 Demosth.
1190 1440 1294 1513 23,
1340 1439 1520 1502 Phoc.
1573 1440 1671 1502 17.

678 1596 909 1659 Similis
971 1600 1064 1659 est
1109 1616 1206 1660 res
1253 1597 1314 1658 in
1361 1596 1514 1658 XIII
1563 1598 1622 1671 4,
1666 1598 1769 1668 24,
1830 1597 1935 1658 uhi
1994 1596 2409 1658 additamento
2453 1595 2517 1656 in
2562 1594 2603 1658 J
2652 1593 2901 1656 adiecto

464 1702 652 1764 oratio
714 1705 776 1765 et
836 1703 1138 1765 sententia
1200 1721 1322 1764 non
1379 1702 1770 1774 emendatur,
1840 1700 1944 1763 sed
2002 1701 2384 1781 depravatur.
2504 1699 2669 1762 Dicit
2725 1699 2903 1761 enim

469 1807 725 1888 scriptor
768 1808 1089 1887 partitione
1135 1807 1305 1887 regni
1352 1806 1676 1869 Alexandri
1722 1805 1934 1886 Magni
1978 1807 2136 1868 inter
2182 1807 2312 1869 eius
2359 1805 2543 1869 duces
2590 1804 2899 1886 exposita:

471 1960 500 1994 „
518 1909 696 1974 Haec
755 1911 977 1975 divisio
1030 1910 1188 1973 velut
1241 1910 1430 1990 fatale
1485 1931 1717 1973 munus
1775 1909 2041 1991 siuyulis
2092 1912 2458 1990 contigisset,
2514 1912 2605 1972 ita
2661 1929 2905 1990 mayna

463 2018 978 2080 incrementorum
1023 2019 1284 2079 materia
1327 2015 1628 2094 plurimis
1671 2014 1857 2094 fuit“.
1920 2029 1922 2032 ⁴
1960 2015 2000 2082 J
2047 2019 2187 2078 ante
2238 2063 2267 2098 „
2282 2014 2432 2078 haec
2476 2001 2697 2078 divisio
2714 2013 2744 2047 “
2798 2033 2905 2077 ex—

401 2179 404 2188 .
467 2119 636 2184 hibet
683 2121 930 2204 „cum“,
990 2122 1149 2201 quod
1211 2125 1451 2202 propter
1509 2123 1869 2202 sequentem
1928 2120 2289 2202 particulam
2360 2119 2535 2202 „ita“
2586 2119 2721 2182 ferri
2772 2139 2902 2182 non

465 2229 681 2307 potest.
793 2225 1088 2304 Congruit
1131 2224 1607 2290 illa'verborum
1652 2226 1983 2300 collocati0‚
2048 2243 2170 2306 qua
2216 2226 2562 2289 subiectum
2608 2225 2904 2287 coniunc-

467 2332 619 2393 tioni
698 2329 942 2414 „velut“
1021 2331 1474 2412 praegreditur,
1550 2349 1797 2410 prorsus
1874 2349 2016 2392 cum
2093 2330 2531 2392 consuetudine
2606 2329 2901 2410 loquendi

469 2435 708 2511 Iustini‚
757 2437 861 2517 qui
907 2437 1054 2498 item
1103 2436 1344 2517 scripsit
1386 2435 1506 2498 XII
1560 2436 1657 2510 15,
1696 2437 1772 2498 11
1824 2438 1885 2499 et
1928 2433 2185 2498 XXXIV
2234 2437 2293 2509 2,
2334 2437 2393 2497 2.
2486 2434 2725 2509 Nescio,
2774 2454 2903 2515 quo

467 2542 646 2603 modo
693 2542 822 2605 fieri
868 2542 1149 2622 potuerit,
1210 2545 1278 2603 ut
1325 2542 1622 2605 Ruehlius
1680 2542 2044 2628 auctoritate
2090 2543 2131 2605 J
2179 2541 2441 2603 confisus
2502 2542 2629 2603 eius
2677 2542 2904 2603 classis

470 2648 840 2727 scripturam
887 2650 1174 2709 sumeret.

679 2787 886 2849 Etiam
955 2787 1134 2849 tertio
1201 2787 1348 2860 1000,
1404 2786 1672 2849 XXVIII
1736 2788 1775 2849 3
1796 2834 1810 2861 ,
1864 2789 1929 2861 7,
1998 2772 2442 2850 sententiarum
2501 2787 2655 2848 ratio
2712 2788 2903 2850 verbo

470 2891 736 2971 quodam
800 2891 862 2952 in
923 2891 964 2953 J
1029 2891 1316 2953 adiuncto
1378 2892 1554 2972 plane
1614 2892 2021 2954 confunditur.
2134 2892 2303 2953 Inest
2370 2892 2665 2978 enimin
2723 2891 2870 2953 'PII
2884 2915 2897 2953 :

475 3044 504 3079 „
520 2993 694 3058 Nam
739 3000 796 3057 et
839 2993 1218 3058 sterilitatem
1273 2996 1615 3075 famemque
1650 2998 1837 3073 passi
1879 3000 1935 3057 ct
1984 2998 2282 3059 intestina
2331 2995 2643 3059 discordia
2687 2999 2905 3059 vexati

470 3102 743 3163 externis
798 3100 887 3163 ad
944 3104 1318 3177 postremum
1377 3098 1543 3163 bellis
1600 3120 1803 3179 paene
1862 3102 2201 3179 consumpti
2261 3099 2463 3163 suut.“
2570 3102 2611 3164 J
2682 3105 2899 3164 autem

470 3208 608 3286 post
668 3206 916 3287 „vexati
928 3203 957 3237 “
1020 3205 1348 3285 interponit
1407 3207 1778 3286 particulam
1842 3206 2005 3288 „ct“.
2111 3205 2249 3269 Utri
2312 3206 2644 3287 scripturae
2700 3207 2900 3268 maior

470 3309 621 3372 fides
668 3310 989 3399 tribuenda
1036 3310 1134 3384 sit,
1190 3309 1558 3373 diiudicatur
1604 3310 1801 3373 verbis
1848 3311 2292 3390 superioribus:
2366 3310 2594 3393 „Quod
2635 3309 2897 3389 facinus

473 3414 566 3477 dii
609 3408 978 3477 immortales
1020 3414 1305 3476 assiduis
1363 3413 1638 3477 cladibus
1680 3416 1880 3495 yeutis
1926 3417 1983 3476 et
2022 3434 2218 3493 prope
2262 3417 2521 3478 interitu
2564 3416 2748 3477 totius
2779 3435 2900 3493 po-

466 3518 601 3596 puli
643 3516 1177 3581 vindicaveruuffi.
1271 3517 1337 3581 Si
1384 3519 1546 3582 enim
1577 3518 1720 3581 ΤΠ
1756 3511 2188 3600 conspirationi
2233 3520 2645 3601 obsequimur,
2694 3523 2899 3583 totum

474 3623 865 3686 enuntiatum
911 3623 973 3684 in
1021 3623 1140 3685 duo
1187 3624 1465 3686 membra
1511 3624 1889 3698 discernitur,
1954 3642 2214 3704 quorum
2259 3626 2523 3689 alterum
2569 3626 2902 3705 respondet

475 3729 673 3790 verbis
739 3727 1069 3811 „assiduis
1113 3726 1388 3790 cladibus
1428 3730 1631 3807 yemis
1647 3728 1699 3802 “,
1747 3730 2017 3791 alterum
2064 3730 2309 3792 vocibus
2373 3750 2597 3812 „prope
2641 3732 2901 3792 interitu

476 3832 659 3894 totius
735 3830 1010 3910 popum.
1160 3830 1232 3893 In
1298 3831 1338 3895 J
1407 3836 1619 3897 autem
1692 3832 1855 3895 male
1944 3833 2283 3896 enuntiatio
2356 3834 2417 3896 in
2493 3838 2617 3897 tres
2691 3838 2900 3914 partes

477 3935 772 3999 distracta
816 3939 929 3999 est.
2002 3936 2007 3940 ’

689 4075 847 4138 Item
905 4076 1082 4156 plane
1129 4093 1580 4156 supervacanea
1627 4077 2051 4156 supplementa
2108 4078 2415 4140 continere
2462 4077 2614 4139 mihi
2657 4078 2904 4140 videtur

476 4179 519 4243 J
577 4180 713 4242 aliis
781 4170 1196 4261 compluribus
1262 4180 1426 4243 lociS.
1535 4180 1637 4243 Sic
1704 4181 1809 4243 illa
1876 4181 2090 4243 classis
2160 4184 2399 4262 praeter
2463 4182 2903 4245 necessitatem
