3120 4920
1368 226 1450 286 25

159 429 391 514 „Asia
467 415 874 511 qoportunam
941 432 1129 526 equ&
1154 437 1195 508 ¹,
1282 433 1420 496 XLI
1482 435 1536 507 1,
1576 436 1615 496 3
1684 454 1791 515 pro
1865 483 1894 517 n
1913 434 1981 498 hi
2042 437 2099 497 et
2152 431 2607 513 Assyriorum“

160 541 435 620 „qestas
489 538 868 616 syriorum“‚
915 538 1117 601 XLIII
1155 541 1212 611 3,
1241 540 1280 600 9
1330 557 1434 618 pro
1481 538 1794 621 „Gyptis“
1848 537 2170 622 „Gestis“.
2250 537 2449 600 XLIII
2490 538 2547 611 4,
2574 539 2613 599 9

155 642 318 704 illud
378 642 742 724 „insidiis“
794 664 900 724 pro
951 642 1282 727 „sirpeis“.
1316 643 1573 706 fortasse
1618 648 1861 726 propter
1906 646 2085 726 paulo
2132 647 2273 706 ante
2321 643 2613 724 scriptum

160 747 547 829 „insidiis“
598 749 659 810 in
707 751 944 811 textum
990 750 1247 830 irrepsit.

390 903 561 968 Cum
607 907 892 968 omnibus
956 907 1100 969 loeis
1147 907 1350 970 allatis
1410 906 1856 986 conspiratione
1909 905 1951 969 J
1966 906 2114 967 ΤΠ
2166 924 2375 968 veram
2430 909 2615 987 atque

149 1009 412 1073 iustam
482 1011 801 1074 lectio-nem
863 1011 1062 1074 offerri
1125 1011 1393 1074 dubitari
1452 1030 1569 1073 non
1623 1011 1831 1092 possit,
1880 1011 2020 1074 alibi
2069 1011 2181 1074 hoe
2227 1010 2437 1073 eodem
2484 1011 2615 1072 iure

155 1117 539 1179 confirmari
622 1117 832 1196 nequit
899 1119 970 1180 ut
1039 1116 1242 1178 XXIV
1306 1117 1511 1192 5,12,
1584 1116 1685 1178 ubi
1742 1135 1797 1180 .a
1858 1116 2110 1178 Ruehlio
2184 1116 2420 1178 editum
2488 1119 2611 1178 est:

161 1269 192 1303 „
211 1219 737 1300 Desperantibus
797 1219 1078 1284 omnibus
1136 1241 1264 1284 non
1321 1223 1473 1284 votis
1531 1221 1841 1302 ayendum
1901 1218 2225 1284 Sosthenes
2238 1270 2255 1297 ,
2317 1240 2484 1282 unus
2542 1219 2617 1282 de

159 1325 698 1412 Macedoniae
720 1325 1132 1405 principibuS,
1158 1329 1339 1388 ratus
1374 1330 1684 1389 contracta
1708 1327 2017 1390 iuventute
2047 1329 2105 1388 et
2129 1324 2340 1389 Gallos
2362 1327 2615 1388 victoria

157 1430 533 1494 eccultmites
589 1433 950 1510 compescuit
1005 1435 1060 1493 et
1113 1431 1554 1494 Macedoniam
1600 1431 1677 1494 ab
1720 1430 1931 1494 hostili
1973 1430 2360 1510 prmulatione
2405 1429 2613 1508 defen-

159 1535 336 1614 dit“‚
410 1555 560 1600 eum
618 1537 679 1598 in
743 1538 1071 1618 archetypo
1132 1537 1382 1600 secundi
1443 1537 1684 1616 generis
1729 1537 2007 1600 codicum
2066 1537 2214 1598 insit
2274 1554 2489 1619 „unus
2535 1535 2609 1597 de

161 1640 720 1705 Macedonum
739 1640 1138 1720 principibus
1172 1641 1419 1719 ratus“,
1451 1644 1513 1704 in
1549 1640 1595 1705 C
1632 1645 1857 1725 „ratus
1886 1661 2057 1703 unus
2094 1640 2168 1703 de
2201 1639 2611 1703 Macedoniae

153 1746 514 1824 princibus
570 1745 780 1809 dari“.
873 1747 1152 1810 Forsitan
1209 1748 1308 1810 ille
1368 1748 1560 1810 editor
1616 1748 1736 1810 illis
1782 1748 1981 1810 verbis
2025 1765 2236 1810 verum
2301 1746 2613 1819 invenerit,

163 1853 480 1930 quoniam
552 1850 1015 1935 „Macedoniae
1069 1847 1437 1930 principes“
1498 1853 1685 1915 etiam
1744 1853 1975 1914 dietum
2040 1857 2137 1914 est
2192 1851 2367 1914 XXII
2419 1853 2475 1924 6,
2514 1851 2613 1914 14.

163 1955 310 2018 Non
363 1957 554 2020 aliter
611 1977 708 2020 res
757 1976 820 2020 se
881 1958 1067 2036 habet
1111 1956 1435 2020 XXXVIII
1483 1958 1538 2032 6,
1578 1959 1634 2020 6.
1730 1956 2010 2038 Sumpsit
2055 1956 2217 2019 idem
2264 1957 2355 2018 vir
2386 1957 2613 2019 'doctus

167 2079 238 2122 ex
287 2062 330 2125 J
346 2063 404 2124 T
428 2065 506 2123 H
547 2062 837 2143 (loquitur
897 2063 1284 2126 Mithridates
1339 2063 1412 2126 de
1468 2063 1670 2126 animo
1728 2063 1969 2142 ingrato
2032 2062 2449 2125 Romanorum
2508 2061 2614 2124 ad-

167 2184 395 2230 versus
449 2165 860 2241 Masinissam,
923 2187 1137 2247 regem
1185 2159 1617 2242 Numidarum,
1678 2168 1749 2230 de
1811 2168 1929 2230 illis
1986 2168 2210 2248 optime
2264 2166 2613 2248 meritum):

174 2318 204 2353 n
219 2275 446 2335 tamen
513 2292 654 2335 cum
712 2271 923 2335 huius·
966 2277 1175 2351 nepote
1233 2271 1444 2336 bellum
1510 2272 1683 2335 modo
1749 2274 1820 2335 in
1879 2271 2110 2352 Africa
2172 2275 2408 2352 yestum
2465 2271 2617 2334 adeo

169 2375 579 2456 inexpiabile,
617 2381 688 2440 ut
721 2397 802 2439 ne
839 2378 1064 2442 victum
1101 2378 1344 2458 quidem
1375 2379 1591 2456 patris
1633 2378 2041 2440 memoriae
2087 2375 2183 2458 (O
2220 2377 2619 2462 memoria)
2708 2379 2711 2384 ’

172 2482 516 2561 donarent,
585 2486 741 2564 quin
811 2506 1114 2547 carcerem
1181 2506 1256 2547 ac
1320 2483 1618 2563 triumphi
1692 2483 2099 2563 spectaculum
2164 2486 2546 2563 experiretur
2563 2482 2614 2547 α.

171 2585 347 2651 Nam
425 2589 588 2652 hune
656 2590 888 2664 locum,
952 2594 1027 2652 ut
1094 2590 1390 2653 Ruehlius
1465 2591 1593 2672 ipse
1662 2590 1833 2669 signo
1903 2592 2275 2671 corruptelae
2346 2590 2615 2671 apposito

175 2692 588 2768 demonstrat,
649 2695 775 2757 iam
831 2695 895 2757 in
953 2695 1118 2759 fonte
1177 2696 1488 2759 communi
1545 2696 1823 2758 omnium
1886 2696 2168 2758 codicum
2214 2696 2615 2776 depravatum

174 2816 315 2863 esse
381 2804 665 2880 apertum
725 2804 910 2881 atque
971 2802 1359 2883 perspicuum
1420 2804 1528 2865 est.
1624 2800 1825 2880 Quare
1897 2800 2045 2865 haee
2120 2802 2393 2883 exempla
2463 2801 2619 2864 nihil

177 2908 404 2968 eontra
459 2904 504 2969 C
553 2905 844 2969 efficiunt.

405 3063 522 3127 Sed
572 3067 842 3145 possunt,
905 3068 976 3127 ut
1020 3066 1144 3127 iam
1193 3064 1333 3138 dixi,
1392 3066 1581 3127 etiam
1626 3064 1732 3127 alii
1793 3065 1908 3127 1οοί
1956 3066 2322 3140 enumerari,
2372 3066 2615 3145 quibUS‚

180 3168 303 3230 etsi
343 3188 488 3231 vera
534 3169 708 3231 lectio
754 3169 816 3231 in
863 3169 1150 3231 omnibus
1191 3170 1389 3232 tribus
1428 3170 1729 3232 elassibus
1774 3171 2023 3234 secundi
2064 3171 2301 3251 generis
2339 3170 2616 3233 codicum

180 3290 308 3335 non
358 3277 598 3337 servata
645 3276 757 3349 est,
815 3276 1044 3350 tamen,
1093 3274 1239 3355 quid
1302 3273 1367 3336 in
1427 3292 1641 3338 earum
1689 3274 2016 3356 archetypo
2076 3277 2371 3357 seriptum
2416 3276 2617 3351 fuerit,

181 3383 429 3442 eertum
489 3381 599 3443 est.
691 3378 824 3443 Hoc
869 3380 1108 3454 accidit,
1177 3383 1247 3443 ut
1306 3380 1490 3442 huius
1550 3380 1789 3459 generis
1838 3381 2113 3461 exempla
2172 3380 2491 3461 proferam,
2551 3381 2617 3442 in

135 3528 142 3533 -
183 3481 302 3547 XX
350 3485 409 3560 4,
447 3486 502 3560 7,
562 3504 681 3566 quo
727 3486 856 3547 loco
917 3485 978 3547 in
1033 3485 1255 3560 codiee,
1317 3504 1388 3549 ex
1447 3504 1565 3565 quo
1623 3484 1931 3549 fluxerunt
1973 3486 2015 3550 J
2028 3485 2179 3561 ΤΠ,
2247 3486 2616 3566 scripturam

181 3587 292 3651 JT
329 3589 769 3673 „Zuoeuriatos“
813 3590 1134 3664 exstitisse,
1183 3610 1326 3653 eum
1361 3591 1423 3652 in
1476 3594 1554 3652 11
1591 3584 1737 3653 insit
1784 3590 2174 3673 „luxuriatos
2220 3593 2291 3654 in
2330 3594 2617 3670 optimam

185 3692 432 3775 fruyem
477 3716 792 3759 conversos
838 3695 1037 3775 fuisse
1053 3695 1107 3774 α,
1164 3696 1227 3758 in
1276 3695 1322 3759 G
1369 3698 1583 3760 autem
1628 3696 1855 3758 maiore
1902 3696 2089 3758 etiam
2136 3714 2278 3759 curn
2326 3696 2617 3777 deprava-

189 3870 349 3879 S

407 3996 424 4025 ¹
463 3992 721 4045 Conatum
753 3993 1066 4045 emendandi
1097 3992 1451 4046 Gutschmidii
1486 3998 1660 4057 „esset
1690 3998 1996 4060 opportuna
2025 3998 2297 4060 quaeque“
2330 3992 2614 4045 Ruehlium

189 4075 247 4127 in
283 4080 492 4153 textum
527 4081 786 4147 recepisse
824 4081 978 4135 valde
1015 4082 1190 4149 miror,
1247 4098 1369 4134 cum
1407 4082 1570 4135 verba
1603 4082 1657 4134 in
1693 4081 1727 4134 J
1738 4082 1845 4133 ΤΠ
1880 4081 2033 4148 plane
2069 4083 2191 4147 apta
2227 4082 2280 4131 et
2316 4080 2458 4133 clara
2492 4081 2613 4147 sint,

189 4162 281 4218 illa
317 4166 620 4221 coniectura
655 4170 830 4221 autem
869 4186 1056 4222 sensus
1081 4169 1169 4222 vel
1206 4171 1537 4238 depravetur,
1578 4170 1715 4237 quod
1747 4168 1884 4221 illud
1914 4167 2211 4231 „domino“
2242 4166 2614 4235 additamento,

193 4267 294 4318 quo
331 4257 628 4309 accuratius
665 4256 968 4325 explicetur,
1006 4259 1162 4310 earet.
