3120 4920
1647 157 1729 259 5o

478 409 712 488 putata.
767 458 770 461 .
805 407 974 469 Haec
1021 408 1325 469 sententia
1371 407 1558 468 etiam
1600 407 2031 486 comprobatur
2061 424 2317 469 numero
2349 405 2909 487 interpolationum,

480 530 634 591 quae
710 513 772 574 in
851 513 1106 591 siugulis
1183 513 1483 574 classibus
1560 512 1976 574 inveniuntur.
2104 510 2191 574 Ut
2264 511 2428 573 enim
2505 511 2911 590 dignissimas

477 621 823 680 memoratu
898 620 1144 680 tantum
1219 618 1592 698 corruptelas
1667 616 2088 697 interpolando
2164 619 2400 678 exortas
2478 619 2621 679 ante
2696 617 2910 678 oculos

476 741 716 803 ponam,
762 723 822 784 in
875 725 952 784 H
989 728 1260 803 praeter:
1319 726 1590 801 „quanto
1629 724 1880 802 yravior
1923 721 2156 800 offensa
2202 721 2452 783 deorum
2496 725 2669 798 esset,
2734 724 2912 783 tanto

475 826 684 889 nullas
729 831 931 889 essent
983 827 1296 891 homimem
1341 828 1645 890 adversus
1702 828 1843 890 deos
1893 829 2097 890 υἱνεεα
2145 827 2209 888 in
2259 824 2318 889 11
2369 829 2467 901 12,
2506 829 2584 888 10
2632 831 2721 889 et:
2792 831 2913 904 „ut

475 931 712 1011 aliquos
765 953 841 994 ecc
895 932 996 995 his
1049 932 1395 996 luxuriatos
1449 934 1521 995 in
1567 934 1854 1011 optimam
1897 932 2136 1012 fruyem
2189 951 2505 994 conversos
2548 931 2790 1010 fuisse“
2834 933 2907 994 in

475 1037 590 1099 XX
637 1039 695 1111 4,
731 1040 787 1110 7,
842 1056 1103 1119 >quarum
1169 1043 1430 1118 utraque
1489 1057 1559 1101 ex
1620 1039 2116 1118 interpretatione
2162 1038 2362 1100 aliena
2408 1041 2553 1099 nata
2599 1041 2711 1110 est,
2774 1057 2909 1100 una

476 1145 569 1206 vel
619 1145 812 1206 altera
858 1146 1104 1206 tantum
1150 1163 1339 1225 parva
1398 1143 1783 1205 librariorum·
1830 1143 2175 1205 coniectura
2234 1143 2296 1204 in
2341 1143 2447 1206 illa
2496 1143 2735 1206 Rueh'lii
2782 1144 2911 1205 col-

476 1249 700 1311 latione
760 1248 1126 1330 deprehendi
1180 1252 1396 1330 potest.
1503 1247 1577 1310 In
1636 1249 1678 1312 J
1726 1252 1938 1310 autem
1996 1267 2117 1310 non
2178 1248 2356 1310 modo
2418 1249 2648 1311 multae
2696 1251 2911 1310 muta-

476 1356 668 1416 tiones
715 1355 985 1417 consulto
1033 1354 1338 1416 admissae
1384 1354 1587 1432 exigui
1634 1353 1913 1434 ponderis
1961 1354 2367 1434 reperiuntur,
2417 1353 2522 1415 sed
2561 1354 2749 1416 etiam
2783 1355 2905 1416 hae

475 1461 768 1522 maiores:
817 1458 928 1536 „si
983 1479 1048 1521 se
1102 1461 1294 1522 secuti
1354 1461 1524 1522 ,ςτῖνιια
1582 1460 1647 1521 in
1694 1458 1725 1521 I
1773 1461 1829 1532 6,
1865 1460 1923 1532 6,
1987 1477 2156 1536 „non
2201 1463 2515 1538 tamquam
2558 1460 2798 1522 amicus
2844 1461 2910 1522 ei

476 1565 763 1628 deditus“
823 1566 884 1627 in
930 1564 1164 1627 XXVII
1213 1566 1272 1640 3,
1311 1567 1414 1636 10,
1481 1566 1736 1641 „minus
1782 1562 2056 1626 Romani
2100 1565 2393 1642 aptiorem
2438 1561 2664 1626 Asiam
2710 1583 2906 1644 quam

468 1673 886 1748 possessiones
930 1669 1356 1732 voluntarias“
1403 1671 1463 1731 in
1495 1669 1699 1731 XXXI
1744 1670 1800 1742 8,
1834 1671 1893 1730 9.
1986 1668 2297 1731 Infinitam
2346 1671 2583 1750 copiam
2631 1670 2907 1732 locorum

472 1776 534 1838 in
579 1775 630 1837 Τ
675 1777 752 1838 ab
798 1776 1228 1856 interpolatore
1288 1775 1761 1855 depravatorum
1810 1792 2167 1837 enumerare
2224 1774 2600 1854 supersedeo.
2694 1774 2910 1837 Unus-

475 1881 748 1961 quisque,
797 1881 901 1960 qui
948 1881 1238 1943 lectiones
1285 1899 1620 1960 paucorum
1668 1879 1847 1942 modo
1894 1880 2184 1942 librorum
2227 1884 2559 1960 percenset,
2606 1879 2781 1942 facile
2828 1899 2908 1942 ex

471 1986 1022 2049 innumerabilibus
1068 1987 1304 2048 lacunis
1351 1988 1412 2048 et
1457 1986 1625 2046 mille
1671 1985 1897 2047 ordinis
1940 1985 2263 2047 verborum
2311 1985 2907 2048 commutationibus

472 2095 534 2154 et
590 2091 912 2172 permultis
975 2092 1311 2172 scripturae
1374 2089 1613 2152 mendis
1673 2092 1856 2170 atque
1914 2090 2481 2171 interpolationibus
2542 2091 2905 2154 concludere

472 2200 676 2277 potest
721 2196 884 2259 illius
931 2197 1144 2260 classis
1192 2196 1597 2276 archetypum
1646 2195 1991 2258 derivatum
2039 2214 2171 2258 esse
2219 2214 2251 2258 e
2298 2195 2519 2269 codice,
2566 2197 2670 2275 qui
2706 2197 2907 2258 incre-

474 2301 644 2364 dibili
701 2303 1070 2381 negligentia
1134 2301 1474 2382 descriptus
1522 2303 1585 2363 et
1628 2300 1973 2363 foedissime
2036 2301 2266 2363 scribae
2326 2281 2749 2363 conaminibus
2806 2302 2906 2363 in-

473 2408 764 2487 quinatus
811 2409 960 2469 erat.

685 2513 940 2574 Ratione
1019 2511 1310 2573 classium
1385 2510 1638 2573 secundi
1727 2510 2005 2573 codicum
2081 2511 2320 2590 generis
2396 2512 2485 2573 ita
2560 2512 2901 2575 constituta

472 2618 703 2681 nemini
754 2618 881 2679 iam
939 2617 1193 2679 dubium
1256 2635 1388 2680 esse
1435 2618 1655 2697 potest,
1714 2617 1859 2697 quin
1907 2616 2203 2680 Ruehlius
2260 2617 2323 2678 in
2370 2635 2566 2679 errore
2614 2622 2897 2681 versatus

473 2724 582 2797 sit,
650 2741 790 2785 cum
852 2726 1080 2785 temere
1133 2721 1173 2785 J
1231 2722 1589 2785 lectionibus
1654 2741 1774 2783 non
1832 2721 2010 2783 modo
2077 2721 2497 2784 testimonium
2555 2722 2723 2797 ΤΠ,
2786 2725 2897 2787 sed

472 2828 658 2890 etiam
730 2845 1094 2890 consensum
1166 2824 1370 2888 CTH
1418 2826 1775 2908 postposuit.
1881 2825 2043 2904 Quin
2096 2826 2301 2913 ⁴etiam
2368 2827 2469 2889 ille
2525 2825 2617 2888 vir
2674 2826 2893 2891 doctus

469 2932 695 2994 fiducia
725 2932 1135 3012 praestantiae
1165 2932 1208 2995 J
1237 2950 1356 2993 non
1389 2932 1599 3011 paucis
1634 2933 1801 3004 lociS,
1851 2949 2228 3011 quamquam
2273 2932 2573 3011 scriptura
2602 2932 2745 2993 ΤΠ
2782 2938 2895 2995 aut

470 3055 677 3099 rerum
723 3037 1109 3099 cohaerentia
1155 3039 1264 3098 aut
1308 3053 1528 3113 genere
1574 3034 1810 3098 dicendi
1855 3035 2076 3111 Iustini
2122 3038 2231 3098 aut
2276 3036 2411 3097 aliis
2453 3038 2656 3098 causis
2686 3036 2896 3100 defen-

471 3142 747 3214 debatur,
802 3143 1012 3203 tamen
1067 3140 1109 3203 J
1151 3140 1467 3202 lectionem
1517 3141 1824 3202 antetulit.
1926 3140 2227 3221 Equidem
2286 3159 2356 3203 ex
2403 3143 2529 3203 tota
2574 3160 2713 3204 mea
2759 3161 2896 3224 per-

472 3244 840 3309 scrutatione
901 3245 1162 3308 dilucide
1218 3264 1508 3326 apparere
1568 3246 1826 3308 arbitror
1878 3246 2161 3309 omnibus
2210 3245 2372 3319 lociS,
2419 3246 2524 3307 ubi
2567 3246 2713 3307 ΤΠ
2748 3266 2894 3309 con-

471 3352 720 3432 spiratio
767 3351 1149 3414 disconvenit
1193 3368 1336 3412 011111
1382 3351 1423 3412 J
1470 3350 1683 3411 classis
1731 3350 2071 3422 traditione,
2118 3352 2368 3412 illarum
2414 3351 2702 3413 classium
2747 3352 2892 3415 fidei

470 3456 928 3535 obsequendum
986 3474 1136 3527 esse,
1193 3455 1313 3516 uisi
1378 3454 1497 3515 alia
1557 3459 1924 3532 argumenta
1987 3454 2111 3516 sive
2172 3474 2242 3516 ex
2290 3456 2591 3518 sententia
2645 3457 2770 3519 sive
2816 3476 2891 3519 ex

471 3560 777 3640 scriptoris
825 3559 1159 3622 elocutione
1206 3559 1330 3621 sive
1385 3559 1631 3621 aliunde
1678 3560 1868 3639 petita
1912 3559 2177 3623 obstant.
2287 3558 2445 3623 Cum
2490 3560 2677 3638 igitur
2720 3561 2889 3623 haud

468 3665 556 3726 ita
600 3683 824 3745 parvus
872 3665 954 3726 sit
997 3682 1292 3727 numerus
1339 3663 1626 3737 locorum,
1675 3665 1779 3726 ubi
1827 3665 2121 3727 Ruehlius
2168 3665 2326 3726 banc
2372 3665 2567 3742 legem
2605 3665 2890 3745 neglexit,

470 3788 574 3831 eas
637 3772 886 3843 tantum⁴
940 3769 1247 3841 lectiones,
1311 3768 1531 3847 quibus
1578 3771 1815 3849 praeter
1870 3768 2149 3831 codicum
2212 3769 2641 3831 auctoritatem
2698 3771 2890 3832 etiam

469 3891 542 3936 ex
586 3892 650 3936 re
696 3874 827 3953 ipsa
873 3873 1321 3936 commendatio
1367 3872 1619 3946 accedit,
1666 3874 2012 3936 accuratius
2050 3874 2347 3948 tractabo,
2393 3880 2625 3937 ceteras
2657 3862 2890 3949 autem,

470 3996 627 4057 quae
673 3976 901 4039 talibus
947 3978 1150 4039 causis
1196 3995 1318 4039 non
1365 3975 1793 4053 defenduntur,
1839 3980 2210 4059 praeteriens
2258 3977 2435 4041 modo
2482 3977 2753 4041 afferam.

679 4100 881 4177 Atque
939 4097 1205 4178 primum
1267 4098 1514 4177 quidem
1577 4098 1899 4179 disputabo
1960 4100 2034 4163 de
2094 4100 2167 4163 iis
2194 4172 2200 4175 ,
2230 4099 2577 4181 scripturiS,
2648 4100 2754 4162 ubi
2816 4120 2923 4163 ex·

467 4202 615 4283 ipsis
662 4202 828 4275 lociS,
874 4201 1020 4281 quid
1066 4182 1277 4264 verum
1325 4203 1423 4277 sit,
1470 4202 1789 4265 diiudicari
1836 4208 2055 4284 potest.
2196 4200 2201 4205 ’
