3120 4920
1610 180 1692 240 52

437 387 755 450 concessit.
847 387 1037 467 Atqui
1094 387 1194 448 ille
1255 387 1434 450 homo
1493 387 1708 451 doctus
1768 407 1905 451 eam
1962 390 2132 452 nulla
2193 388 2486 470 probabili
2548 407 2738 451 causa
2802 388 2868 449 in

441 491 720 554 editionis
767 509 917 555 suae
961 493 1198 553 textum
1243 492 1485 572 recepit.

649 593 770 658 XII
808 597 863 668 7,
898 598 934 658 5
984 595 1281 676 scriptum
1327 599 1423 659 est
1468 597 1532 659 in
1566 596 1617 660 Τ
1640 600 1741 659 H:
1797 595 1917 661 Oui
1957 581 2202 678 yloriae'
2226 602 2297 659 ut
2343 599 2526 660 etiam
2560 599 2866 660 eoeercitus

438 703 802 762 ornamenta
847 701 1256 777 convenirent,
1291 699 1593 778 phaleras
1618 713 1929 782 'equorum
1974 706 2031 764 et
2072 723 2256 766 arma
2301 701 2562 765 militum
2606 705 2863 782 arqento

440 803 684 867 inducit
724 807 1170 884 exercitumque
1213 825 1397 867 suum
1441 805 1530 870 ab
1575 809 1973 887 arqenteis
2017 807 2311 886 clypeis
2344 806 2409 888 (J
2438 805 2507 869 ob
2542 809 2862 887 arqenteos

441 908 682 992 clipeos)
730 906 1206 990 Aryyraspidas
1261 909 1587 988 appellavit
1602 915 1659 974 “.
1752 911 2193 976 Excellentiam
2251 912 2466 993 prioris
2527 912 2861 992 scripturae

441 1014 820 1077 demonstrat
864 1014 1246 1095 apertissime
1292 1013 1443 1077 XIII
1475 1017 1534 1089 3,
1564 1017 1635 1089 4,
1681 1035 1800 1096 quo
1836 1018 1965 1080 loco
2003 1017 2372 1098 reperimus:
2419 1015 2626 1094 „urbe,
2672 1037 2863 1097 quam

441 1140 483 1182 a
518 1120 786 1198 piscium
830 1117 1096 1182 ubertate
1143 1116 1385 1182 Sidona
1428 1119 1890 1198 appellaverunt
1902 1126 1958 1185 “.

652 1220 742 1285 XI
787 1224 846 1298 4,
881 1225 918 1285 5
967 1223 1209 1304 exponit
1255 1222 1530 1288 Iustinus
1580 1224 1841 1290 Cleadae
1887 1245 2117 1308 preces,
2177 1227 2401 1307 quibus
2449 1227 2862 1289 Alexandrum

442 1347 820 1392 commovere
889 1327 1146 1402 studuit,
1219 1348 1296 1392 ne
1362 1328 1602 1394 Thebas
1648 1331 1909 1394 deleret:
1968 1330 2272 1410 „Privata
2330 1333 2576 1408 etiam“,
2642 1332 2861 1412 inquit,

441 1453 684 1514 „reyem
713 1434 1140 1512 superstitione
1163 1433 1556 1514 deprecatur:
1589 1437 1835 1516 yeniti
1868 1435 2043 1515 apud
2073 1437 2236 1513 ipsos
2263 1433 2664 1513 Herculis,
2696 1435 2864 1498 unde

442 1539 740 1619 originem
791 1557 945 1619 qens
1004 1536 1434 1602 Aeacidarum
1489 1539 1726 1617 trahat,
1784 1545 2074 1620 actaeque
2129 1540 2349 1604 Thebis
2404 1563 2448 1604 a
2490 1545 2675 1620 patre
2727 1543 2865 1604 eius

445 1641 732 1722 Philippo
769 1644 1134 1722 pueritiae“.
1205 1643 1377 1707 Haec
1423 1645 1699 1709 scribunt
1741 1645 1899 1718 ΤΠ,
1946 1663 2143 1726 neque
2190 1646 2316 1708 ulla
2354 1647 2567 1709 subest
2597 1645 2861 1719 offensio.

447 1748 621 1827 Quod
667 1747 830 1812 enim
869 1746 1148 1811 Vorstius
1193 1750 1388 1829 putat,
1433 1768 1553 1812 non
1600 1769 1775 1830 posse
1818 1769 1921 1831 pro
1962 1751 2389 1832 superstitione
2427 1751 2655 1825 haberi,
2702 1752 2865 1831 quod

443 1853 760 1935 Philippus
807 1871 956 1934 puer
999 1851 1223 1916 Thebis
1267 1853 1458 1916 vitam
1494 1855 1737 1933 egisset,
1784 1856 2307 1935 quemadmodum
2344 1856 2506 1936 quod
2549 1855 2863 1930 HerculeS,

444 1959 554 2039 qui
618 1961 942 2038 tamquam
1005 1958 1156 2021 deus
1223 1959 1428 2021 cultus
1502 1961 1692 2034 esset,
1765 1959 1927 2042 apud
1986 1960 2310 2024 Thebanos
2376 1963 2561 2023 natus
2629 1960 2865 2034 fuisset,

401 2093 410 2100 -
445 2063 853 2144 Wopkensius
899 2065 1041 2142 apte
1085 2063 1229 2125 huic
1275 2064 1651 2127 altercationi
1700 2063 2053 2146 respondet:
2101 2064 2389 2141 „Metam
2427 2067 2701 2128 incutere
2733 2067 2869 2146 reyi

445 2166 779 2231 conabatur
832 2163 1118 2244 C‘Zeada8‚
1164 2187 1244 2229 ne
1288 2169 1346 2231 si
1391 2165 1631 2232 Thebas
1676 2169 1965 2247 dirueret,
2012 2171 2243 2248 impius
2288 2170 2474 2233 etiam
2531 2170 2603 2232 in
2647 2189 2867 2232 manes

437 2275 642 2352 patris
703 2275 806 2336 sui
865 2273 1036 2352 foret,
1099 2275 1208 2354 qui
1268 2272 1354 2336 ibi
1397 2275 1741 2352 pueritiam
1798 2294 1979 2337 suam
2037 2277 2336 2356 exeyisset
2351 2280 2407 2337 “.
2500 2275 2867 2355 Exemplum

447 2380 720 2444 eiusdem
764 2379 1011 2460 genitivi
1055 2377 1526 2459 deprehenditur
1579 2379 1765 2442 etiam
1809 2378 2070 2442 XXXIX
2104 2381 2162 2453 3,
2188 2382 2227 2442 9
2276 2377 2445 2456 „His
2483 2383 2565 2442 tot
2598 2381 2865 2443 necessi-

447 2485 768 2550 tudinibus
825 2486 1161 2567 sanquinis
1204 2483 1401 2548 adicit
1450 2486 1941 2564 superstitionem
2000 2485 2229 2564 templi,
2277 2505 2393 2565 quo
2452 2484 2660 2549 abdita
2719 2505 2868 2564 pro-

446 2592 744 2673 fuyerit‘fi
817 2590 1125 2673 Sequitur,
1172 2593 1244 2653 ut
1288 2594 1544 2655 conatus
1591 2592 1704 2654 loci
1750 2592 2010 2654 sanandi
2054 2591 2425 2665 Baehreusii,
2476 2594 2579 2672 qui
2623 2594 2869 2672 propter

446 2699 772 2761 lectionem
815 2698 858 2761 J
902 2698 1234 2777 „yenitum
1279 2695 1453 2775 apud
1493 2698 1662 2774 ipsos
1693 2694 2019 2759 Herculem
2035 2700 2074 2727 “
2120 2696 2307 2759 etiam
2354 2700 2716 2776 „actamque
2748 2746 2761 2759 .
2798 2746 2811 2759 .
2849 2746 2863 2759 .

435 2804 774 2883 pueritiam
790 2806 829 2834 “
888 2802 1008 2881 legi
1067 2802 1216 2875 vult,
1279 2820 1468 2883 quam
1535 2802 1950 2865 coniecturam
2011 2802 2306 2881 Ruehlius
2377 2801 2621 2883 recepit,
2689 2802 2869 2882 plane

447 2910 674 2973 otiosus
733 2910 794 2971 et
851 2924 1338 2988 supervacaneus
1401 2907 1497 2969 sit.
1572 2906 1891 2987 Scriptura
1939 2908 2004 2968 in
2061 2907 2103 2970 J
2136 2906 2373 2979 ,tradita
2416 2906 2557 2969 inde
2601 2906 2871 2988 profecta

447 3015 558 3087 est,
626 3012 788 3093 quod
849 3012 1066 3086 scriba,
1128 3012 1235 3093 qui
1293 3011 1469 3074 illum
1515 3011 1858 3091 genitivum
1919 3029 2039 3074 non
2098 3011 2451 3091 perceperit,
2512 3012 2697 3074 verba
2757 3031 2869 3075 suo

445 3118 686 3197 ingenio
719 3117 1042 3181 emendare
1074 3117 1350 3192 tentavit,
1383 3117 1447 3179 in
1479 3116 1745 3180 secundo
1776 3117 2054 3179 membro
2085 3119 2292 3181 autem
2324 3116 2869 3180 commutationem

447 3224 646 3287 facere
691 3222 1120 3304 praetermisit.

659 3326 863 3391 XXVI
912 3328 967 3403 1,
1000 3329 1038 3391 9
1086 3328 1264 3391 unice
1308 3345 1520 3390 verum
1566 3326 1719 3389 mihi
1764 3325 2007 3389 videtur
2050 3345 2200 3401 esse,
2247 3325 2407 3407 quod
2454 3326 2761 3389 invenitur
2803 3327 2870 3390 in

448 3433 621 3496 TH:
683 3432 1051 3511 „Obiectans
1108 3430 1396 3512 sinyuliS,
1468 3451 1551 3508 se,
1614 3432 1765 3511 quia
1824 3430 2301 3495 liberandae
2346 3434 2602 3510 patriae
2660 3436 2875 3494 auctor

451 3558 583 3601 esse
647 3557 774 3600 non
827 3539 1047 3617 possit,
1117 3537 1392 3599 desertae
1458 3535 1712 3599 ultorem
1779 3537 2124 3615 futurum“.
2217 3536 2379 3599 Nam
2447 3537 2771 3599 lectionem
2828 3537 2871 3601 J

452 3641 823 3720 „liberatae“
891 3661 1030 3705 eam
1097 3643 1172 3705 ob
1235 3660 1369 3703 rem
1440 3660 1558 3705 non
1625 3642 2081 3704 convenientem
2140 3660 2271 3704 esse
2330 3641 2641 3715 existimO,
2711 3642 2875 3722 quod

451 3742 810 3810 Hellanicus
857 3766 977 3814 non
1024 3750 1336 3810 auctorem
1383 3747 1512 3809 eius
1560 3766 1624 3810 se
1667 3747 1865 3809 dicere
1909 3749 2128 3827 potest,
2176 3747 2335 3827 quod
2377 3748 2700 3827 tamquam
2744 3745 2873 3809 iam

451 3852 686 3915 factum
760 3852 1086 3930 cogitatur,
1163 3852 1267 3915 sed
1344 3852 1544 3933 potius
1614 3851 1776 3925 eiUS,
1854 3851 2015 3933 quod
2089 3851 2368 3913 futurum
2445 3854 2555 3913 est.
2671 3850 2875 3914 Causa

453 3956 827 4038 corruptelae
882 3944 1250 4032 „liberataffl
1309 3958 1568 4021 fortasse
1611 3957 1704 4031 id,
1768 3956 1929 4039 quod
1978 3956 2270 4037 sequitur,
2316 3956 2676 4033 ,‚desertae“
2739 3955 2874 4019 fuit.

667 4077 787 4142 Sed
831 4078 1003 4141 venio
1061 4078 1189 4141 iam
1249 4080 1327 4142 ad
1389 4098 1489 4143 eos
1537 4081 1718 4153 locOS,
1778 4080 1842 4142 in
1889 4080 2111 4159 quibus
2156 4078 2451 4141 iudicium
2516 4098 2587 4142 ex
2632 4098 2697 4141 re
2741 4078 2877 4159 ipsa

451 4184 687 4247 factum
731 4183 884 4245 nihil
920 4183 1099 4257 valet,
1144 4184 1350 4246 omnia
1379 4203 1452 4247 ex
1483 4184 1848 4247 auctoritate
1883 4184 2168 4265 pendent.
2242 4183 2645 4247 Scribendum
2683 4184 2877 4261 igitur
