3120 4920
1671 197 1755 258 22

507 422 684 485 saepe
742 404 1176 484 praetermissa
1233 405 1328 467 vel
1387 403 1540 468 falso
1596 405 1725 468 loco
1794 405 1989 486 posita
2022 461 2027 466 .
2057 406 2169 480 sit,
2238 408 2577 468 ceterorum
2646 405 2943 468 codicum

505 510 831 572 lectionem
885 528 1131 590 prorsus
1179 509 1400 586 vincat,
1460 510 1731 572 dubitari
1786 529 1906 572 non
1964 513 2178 591 potest.
2277 510 2440 573 Nam
2484 511 2689 590 imago
2738 510 2941 588 „hor-

507 619 745 677 torum“
805 615 1032 696 optime
1062 615 1166 677 .ad
1222 615 1472 690 vallem,
1535 634 1695 696 quae
1754 618 1971 678 ornata
2030 620 2126 679 est
2182 616 2336 678 silva
2396 616 2687 695 frugifera
2744 619 2943 697 atque

508 738 783 794 amoena,
829 721 974 801 apta
1009 722 1070 783 et
1101 721 1460 784 conveniens
1493 724 1605 796 est,
1652 739 1797 783 cum
1828 725 2121 798 „castra“
2152 739 2291 784 eam
2322 721 2397 784 ob
2441 740 2573 784 rem
2620 721 2719 784 hic
2766 740 2943 784 com-

509 825 838 888 memorari
867 844 987 888 non
1016 825 1217 900 liceat,
1255 825 1415 906 quod
1449 825 1613 907 apud
1644 826 1951 889 Romanos
1984 829 2185 890 castra
2226 845 2545 907 nunquam
2577 845 2775 902 muro,
2827 827 2943 889 sed

508 949 748 1012 semper
792 931 950 993 vallo
993 930 1276 1012 fossaque
1322 931 1741 1011 cingebantur.

719 1069 1011 1132 XXXVII
1067 1072 1127 1145 2,
1160 1072 1218 1146 6,
1278 1089 1396 1151 quo
1442 1074 1572 1134 loco
1632 1071 1889 1134 insidiae
1947 1075 2221 1134 tutorum
2269 1071 2643 1134 Mithridatis
2700 1090 2940 1134 memo-

511 1177 746 1250 rantur,
795 1176 919 1256 qui,
965 1195 1108 1239 cum
1141 1175 1255 1238 alio
1286 1175 1466 1238 modo
1496 1195 1615 1238 non
1648 1176 2009 1257 potuissent,
2044 1195 2273 1239 veneno
2302 1177 2601 1258 pupillum
2634 1177 2939 1257 perimere

511 1281 910 1354 studuerunt,
959 1280 1125 1361 ponit
1170 1280 1466 1344 Ruehlius
1513 1299 1585 1344 ex
1628 1281 1670 1345 J
1684 1281 1735 1342 Τ
1758 1285 1855 1343 11:
1900 1281 2124 1360 „Quod
2158 1285 2432 1344 metuens
2467 1280 2750 1345 antidota
2794 1301 2937 1343 sae-

499 1387 654 1464 pius
692 1383 835 1448 bibit
869 1388 925 1447 et
957 1387 1047 1448 ita
1080 1405 1145 1448 se
1175 1385 1478 1448 adversus
1514 1385 1793 1450 insidias
1830 1387 2157 1466 exquisitis
2186 1385 2600 1449 tutioribus
2645 1386 2941 1448 remediis

513 1492 844 1571 staynavit,
906 1494 976 1552 ut
1029 1509 1109 1554 ne
1153 1489 1355 1554 volens
1413 1491 1659 1571 quidem
1703 1511 1809 1554 sen
1818 1513 1893 1554 ex
1952 1511 2179 1555 veneno
2221 1493 2378 1554 mori
2409 1493 2765 1570 potuerit“,·
2827 1491 2939 1554 sed

510 1596 640 1676 ipse
699 1596 1006 1672 dubitanS,
1066 1615 1218 1659 num
1276 1615 1490 1659 verum
1551 1598 1875 1678 receperit,
1946 1616 2124 1660 cruce
2183 1597 2342 1659 inter
2401 1598 2814 1676 „exquisitis“
2873 1600 2941 1659 et

513 1699 919 1778 ‚‚tutioribus“
975 1701 1176 1782 posita
1229 1702 1434 1765 locum
1486 1721 1605 1764 non
1658 1704 1834 1783 plane
1894 1702 2230 1784 perfectum
2289 1721 2421 1766 esse
2479 1702 2654 1765 docet
2698 1704 2759 1764 et
2803 1701 2939 1764 iure

514 1805 781 1887 quidem,
827 1825 972 1868 cum
1017 1809 1080 1870 et
1123 1807 1220 1870 ille
1267 1807 1716 1887 comparativus
1762 1827 1881 1870 non
1929 1808 2169 1882 habeat,
2228 1827 2347 1888 quo
2390 1807 2689 1888 respiciat,
2736 1825 2938 1887 neque

513 1913 721 1992 ipsum
780 1912 1152 1974 adiectivum
1215 1911 1456 1995 „tutus“
1519 1913 2052 1975 accommodatum
2109 1913 2205 1975 sit.
2310 1913 2517 1975 Etiam
2571 1913 2670 1976 hic
2730 1931 2940 1976 emen-

515 2016 824 2080 dationem
871 2037 903 2080 e
951 2015 997 2079 C
1045 2017 1369 2099 petendam
1415 2036 1548 2080 esse
1596 2036 1812 2080 censeo
1862 2020 2045 2098 atque
2092 2018 2255 2080 illius
2298 2018 2518 2081 codicis
2567 2017 2939 2098 scripturam

517 2123 835 2205 „exquisiti
894 2122 1159 2185 sortibus
1220 2121 1539 2186 remediis“
1620 2123 1877 2204 paulum
1947 2123 2151 2186 littera
2210 2141 2334 2186 una
2378 2123 2629 2186 adiecta
2686 2124 2939 2184 mutans

519 2228 846 2308 legendum
890 2246 1185 2309 propono:
1237 2228 1587 2311 „exquisitis
1632 2228 1889 2291 fortibus
1934 2227 2276 2292 remediis“.

733 2368 1058 2432 XXXVIII
1109 2370 1163 2445 1,
1203 2369 1238 2432 7
1287 2368 1591 2433 breviator
1637 2370 1905 2432 consiliis
1950 2369 2325 2432 Mithridatis
2387 2388 2492 2450 per
2539 2367 2833 2433 Gordium
2878 2371 2943 2431 in

521 2477 788 2559 patriam
841 2476 1166 2539 reductum
1211 2476 1572 2539 Ariarathen
1629 2476 1949 2552 iuniorem,
2006 2494 2214 2556 regem
2260 2474 2705 2557 Cappadociae,
2761 2495 2943 2555 regno

524 2583 820 2667 spoliandi
882 2583 1168 2665 expositis
1227 2582 1577 2662 subiungit:
1668 2582 1882 2665 „Quod
1940 2581 2045 2645 ubi
2105 2580 2485 2645 Ariarathes
2530 2583 2741 2645 iunior
2802 2602 2943 2661 per

522 2712 569 2754 n
583 2712 628 2755 u
643 2711 689 2753 n
705 2693 765 2754 ti
777 2711 810 2754 0
826 2710 859 2752 s
919 2690 1216 2771 coynovit,
1273 2688 1533 2769 indiyne
1590 2688 1800 2768 ferens
1844 2687 2287 2766 interfectorem
2314 2689 2524 2766 patris
2566 2708 2687 2765 per
2745 2708 2943 2751 avun-

525 2796 728 2861 culum
758 2796 1156 2875 potissimum
1199 2793 1276 2857 ab
1318 2792 1498 2859 exilio
1527 2794 1819 2869 revocari,
1864 2795 2169 2874 inq-entem
2202 2794 2533 2856 exercitum
2573 2793 2875 2857 contrahit
2889 2792 2940 2856 α.

527 2903 629 2967 Sic
690 2901 985 2965 Ruehlius
1042 2901 1410 2981 scripturam
1469 2898 1515 2962 C
1582 2920 1735 2983 „per
1791 2897 2053 2961 multos“
2119 2902 2299 2973 reete,
2356 2902 2427 2961 ut
2484 2899 2636 2960 mihi
2694 2899 2943 2979 quidem

524 3008 785 3083 videtur,
842 3006 1110 3070 correxit.
1202 3005 1406 3069 Lectio
1466 3004 1631 3068 enim
1685 3005 1727 3069 J
1740 3004 1886 3066 ΤΠ
1927 3002 2241 3097 „moliri“,
2297 3007 2725 3086 praeterquam
2783 3005 2945 3085 quod

525 3112 677 3176 illud
721 3112 978 3175 verbum
1022 3111 1262 3193 passive
1295 3112 1668 3191 usurpatum
1697 3128 1991 3191 magnam
2024 3110 2435 3191 suspicionem
2464 3112 2685 3185 movet,
2732 3129 2942 3173 omnes

527 3216 1009 3300 interpolationis
1054 3219 1231 3279 notas
1277 3215 1480 3279 habet.

737 3341 897 3407 Item
957 3360 1100 3417 cum
1160 3340 1372 3405 eodem
1433 3339 1660 3403 editore
1726 3356 1846 3400 non
1916 3339 2283 3419 scripturam
2356 3338 2605 3402 secundi
2665 3338 2944 3402 codicum

527 3448 767 3529 generis
815 3444 1185 3531 „yraviter“‚
1234 3445 1340 3509 sed
1386 3442 1433 3507 G
1483 3492 1514 3527 „
1531 3442 1829 3525 indiyne“
1878 3443 2081 3524 probo,

739 3587 909 3651 XLII
941 3588 994 3664 1,
1028 3588 1086 3650 3.
1143 3585 1383 3670 „Iqitur
1413 3584 1787 3662 PhrahateS,
1820 3604 1957 3647 cum
1987 3584 2290 3647 adversus
2320 3603 2418 3646 eos
2436 3584 2941 3663 proficisceretur,

527 3696 616 3759 ad
668 3693 914 3758 tutelam
971 3695 1152 3775 reyni
1209 3692 1458 3771 reliquit
1511 3688 1841 3754 Himerum
1897 3689 2207 3769 quendam
2259 3690 2566 3768 pueritiae
2627 3688 2746 3753 sibi
2798 3690 2945 3767 flore

529 3800 932 3875 conciliatum,
995 3801 1104 3880 qui
1146 3798 1482 3879 tyrannica
1527 3794 1883 3859 crudelitate
1925 3794 2141 3858 oblitus
2186 3799 2243 3858 et
2283 3796 2443 3859 vitae
2473 3797 2849 3874 praeteritae
2892 3802 2947 3859 et

521 3928 613 3987 pr
629 3928 660 3969 e
675 3927 706 3969 c
720 3928 762 3969 a
775 3907 884 3969 rii
945 3904 1136 3984 officii
1193 3902 1569 3984 Babylonios
1640 3900 1979 3981 multasque
2046 3899 2211 3965 alias
2282 3902 2554 3965 civitates
2619 3902 2944 3979 inportune

527 4010 830 4076 vexaviffl.
907 4010 1202 4073 Ruehlius
1240 4009 1566 4088 neglegens
1595 4006 1634 4071 J
1650 4007 1809 4081 TH,
1858 4025 2014 4087 quae
2061 4007 2320 4070 tradunt
2362 4005 2683 4091 „vicarii“‚
2729 4006 2943 4071 vitium

530 4120 593 4181 in
641 4116 686 4181 C
736 4114 1124 4200 „praeelarffl
1185 4114 1502 4177 lenissima
1559 4112 1861 4175 medicina
1920 4130 2151 4175 sanans
2217 4112 2487 4192 scripsit:
2568 4113 2943 4195 „precariiffl

532 4222 691 4304 quod
739 4222 1095 4303 exquisitius
1139 4220 1380 4284 videtur
1425 4219 1677 4282 lectione
1721 4217 1933 4299 priore.
2014 4217 2329 4280 Facillime
2376 4236 2412 4280 a
2460 4217 2719 4293 librari0,
2767 4219 2942 4283 euius
