3120 4920
1600 201 1683 264 38

434 405 794 488 „omnium“
855 407 925 470 in
977 407 1302 479 XXXVIII
1350 410 1406 485 7,
1458 411 1538 471 10
1597 428 1715 472 11011
1760 410 2197 492 interpolandO,
2254 411 2360 474 sed
2406 430 2477 474 ex
2524 413 2865 492 archetypo

429 512 560 592 ipso
605 510 814 575 addita
862 530 994 576 esse
1039 513 1103 576 in
1147 513 1190 577 J
1234 514 1498 578 ostendit
1542 516 1905 596 conspiratio
1952 514 2020 580 C.

645 615 1038 697 Quamquam
1100 636 1249 682 sane
1310 619 1370 681 in
1434 637 1556 682 uno
1602 621 1695 682 vel
1742 622 1932 683 altero
1988 618 2205 683 horum
2258 618 2527 683 locorum
2572 621 2669 684 ille
2714 639 2866 683 con-

431 740 648 785 sensus
703 721 849 784 ΤΠ
895 723 983 785 113
1043 724 1354 804 explanari
1399 728 1619 805 potest,
1678 728 1750 787 ut
1809 725 1870 787 in
1932 725 2199 807 principe
2262 725 2541 788 codicum
2600 725 2863 788 alterius

429 827 667 908 generis
713 828 913 902 verba,
965 847 1124 908 quae
1167 829 1584 910 requiruntur,
1642 833 1885 912 propter
1945 849 2156 893 eorum
2202 830 2661 894 similitudinem
2710 849 2864 893 cum

431 933 720 1014 proximis
777 931 953 996 facile
1015 934 1220 998 oculos
1263 934 1667 998 describentis
1712 936 1969 1000 elusisse
2016 939 2077 998 et
2132 939 2343 1017 postea
2388 953 2572 1017 super
2614 938 2863 999 textum

431 1038 656 1120 scripta
713 1038 789 1100 ab
851 1037 965 1101 alio
1036 1039 1234 1101 scriba
1302 1039 1548 1114 01111333,
1630 1041 1707 1103 ab
1764 1041 1880 1103 alio
1938 1045 2180 1121 recepta
2248 1060 2381 1104 esse
2441 1041 2861 1115 coniiciamuS,

429 1146 639 1206 tamen
678 1143 744 1204 in
775 1144 1133 1206 universum
1166 1144 1305 1206 illas
1341 1144 1596 1207 lacunas
1631 1146 1894 1226 speciem
1926 1145 2173 1209 maioris
2206 1145 2545 1218 affinitatiS,
2591 1149 2866 1226 praeter-

431 1265 622 1328 quam
677 1247 840 1328 quod
895 1266 1041 1310 cum
1083 1248 1127 1311 J
1171 1267 1243 1310 ex
1289 1248 1503 1312 eodem
1547 1250 1753 1314 codice
1798 1250 2107 1314 derivatae
2152 1252 2318 1324 sunt,
2381 1251 2539 1312 inter
2581 1249 2630 1311 T
2674 1253 2738 1312 et
2786 1254 2873 1312 H

429 1352 860 1416 intercedentis
923 1354 1208 1433 praebere
1266 1353 1544 1417 concedo.
1638 1354 1745 1417 Sin
1806 1359 2016 1418 autem
2073 1357 2329 1418 lacunas
2390 1373 2744 1418 communes
2792 1359 2863 1418 et

429 1457 922 1538 interpolationes
980 1458 1043 1520 in
1103 1458 1147 1521 J
1159 1458 1209 1519 T
1255 1459 1828 1532 examinaverimuS,
1890 1461 2084 1524 multo
2141 1460 2339 1539 magis
2403 1461 2519 1522 hae
2576 1460 2862 1524 codicum

431 1564 658 1626 classes
694 1563 855 1626 inter
891 1581 955 1626 se
997 1564 1374 1642 cognationis
1407 1565 1649 1627 vinculo
1691 1565 2050 1628 coniunctae
2084 1583 2217 1628 esse
2259 1565 2433 1627 nobis
2466 1565 2860 1628 videbuntur.

643 1686 974 1767 Praecipue
1007 1687 1230 1749 lacuna
1259 1687 1322 1750 in
1359 1685 1563 1750 XXXI
1596 1689 1653 1762 3,
1687 1688 1742 1762 1,
1785 1706 1941 1768 quae
1972 1691 2033 1750 et
2063 1687 2105 1751 J
2141 1693 2203 1752 et
2230 1687 2281 1749 'P
2311 1688 2551 1762 insidet,
2592 1689 2866 1772 necessi-

432 1792 709 1854 tudinem
767 1810 982 1854 earum
1042 1810 1148 1872 pro
1209 1794 1372 1854 certo
1433 1792 1675 1856 videtur
1730 1792 2103 1856 confirmare.
2194 1793 2327 1856 Hoc
2385 1795 2515 1856 loco
2573 1793 2736 1856 enim
2787 1797 2873 1855 H
2880 1843 2885 1846 .

431 1897 648 1961 tradit:
713 1895 1020 1974 „Interim
1075 1897 1146 1959 in
1210 1893 1481 1960 Graecia
1535 1895 1958 1960 Flamininus
2010 1900 2225 1961 iuncta
2292 1918 2430 1960 cum
2489 1897 2865 1978 quibusdam

433 2001 780 2066 civitatibus
853 2003 1133 2065 societate
1201 1999 1511 2064 Nabidem
1586 2006 1929 2082 tyrannum
2002 2001 2236 2066 duobus
2310 2005 2621 2066 continuis
2690 2001 2865 2066 bellis

433 2107 658 2188 subiqit
737 2105 1286 2187 yravibusque
1355 2108 1600 2185 pacis
1682 2107 1995 2188 leyibus
2073 2108 2437 2186 fractum
2519 2107 2675 2171 velut
2751 2129 2865 2171 ex-

435 2232 734 2294 sanquem
778 2214 850 2276 in
893 2231 1079 2293 rayno
1123 2211 1414 2293 relinquit
1427 2217 1482 2275 “.
1564 2213 1639 2275 In
1689 2211 1734 2276 G
1782 2214 2039 2294 antiqua
2086 2213 2385 2295 scriptura
2430 2216 2715 2295 corrupta
2762 2219 2869 2277 est

436 2322 531 2383 in:
581 2317 1036 2400 „yravibusque
1069 2319 1257 2396 pacis
1296 2317 1524 2399 leyibus
1569 2318 1837 2396 factus“,
1882 2338 2026 2382 cum
2056 2319 2099 2383 J
2132 2323 2195 2382 91
2229 2320 2497 2400 plerique
2532 2319 2768 2382 codices
2816 2319 2872 2384 Τ

435 2426 733 2490 habeant:
804 2428 902 2502 „et
953 2423 1246 2505 yravibus
1312 2422 1649 2503 fractum“.
1746 2423 2129 2506 Scripturam
2192 2427 2270 2486 H
2306 2444 2440 2489 esse
2499 2443 2873 2505 germanam

434 2531 856 2612 unusquisque
910 2529 1092 2593 facile
1135 2548 1206 2592 ex
1266 2529 1520 2593 lectione
1570 2528 1617 2593 C
1662 2533 1999 2611 cognoscet.
2093 2530 2407 2594 Incertum
2450 2533 2699 2594 tantum
2744 2534 2865 2605 est,

435 2656 589 2701 num
635 2636 978 2717 corruptela
1040 2635 1104 2699 in
1148 2634 1251 2699 J'I'
1295 2635 1383 2698 ita
1429 2635 1735 2716 explanari
1796 2636 2007 2716 possit,
2063 2638 2136 2699 ut
2193 2640 2303 2699 3111
2346 2654 2516 2699 111910
2565 2636 2873 2699 scribendi

435 2760 632 2807 errore
680 2745 790 2805 aut
833 2741 950 2804 alio
995 2740 1178 2804 modo
1226 2758 1375 2803 casu
1419 2740 1483 2802 in
1528 2743 1789 2821 utraque
1834 2741 2020 2804 classi
2058 2760 2129 2804 ex
2168 2758 2312 2804 vera
2353 2741 2607 2805 lectione
2654 2742 2875 2805 arche-

436 2849 567 2930 typi
624 2847 666 2911 J
679 2846 823 2909 ΤΠ
880 2848 1094 2909 11313111
1163 2827 1294 2911 esse
1362 2864 1679 2927 ponamus
1818 2846 1950 2909 Hoc
2018 2849 2228 2909 autem
2296 2865 2451 2926 nego
2518 2846 2713 2909 tribus
2784 2846 2871 2911 de

436 2953 669 3017 causis:
717 2955 959 3033 propter
1002 2952 1188 3015 verba
1231 2952 1335 3014 illa
1372 2952 1601 3014 omissa
1639 2956 1701 3014 et
1744 2954 1985 3032 propter
2022 2952 2426 3014 mutationem
2464 2952 2631 3014 illius
2662 2957 2873 3031 „que“

436 3060 503 3121 in
548 3062 717 3136 „et“,
764 3060 826 3120 et
873 3055 1034 3138 quod
1091 3059 1222 3119 tota
1283 3056 1585 3137 scriptura
1643 3074 1887 3137 prorsus
1948 3059 2117 3119 caret
2163 3056 2480 3120 sententia.
2574 3055 2875 3136 Cogimur

439 3183 577 3244 ergo
623 3165 892 3226 statuere
937 3164 1048 3224 aut
1091 3162 1250 3224 hanc
1294 3161 1619 3225 lectionem
1681 3180 1752 3224 ex
1799 3163 2127 3243 exemplari
2174 3162 2393 3243 aliquo,
2454 3182 2487 3225 e
2534 3180 2652 3242 quo
2699 3162 2872 3225 solae

437 3270 663 3333 classes
722 3268 765 3332 J
775 3266 825 3329 T
870 3267 1091 3331 ductae
1151 3268 1312 3341 sunt,
1371 3266 1714 3339 defluxisse,
1770 3270 1848 3328 Π
1884 3269 2095 3330 31119111
2141 3286 2354 3330 verum
2401 3286 2471 3331 ex
2532 3267 2869 3348 archetypo

437 3374 750 3438 communi
813 3372 1120 3437 secundae
1177 3371 1455 3434 codicum
1514 3370 1801 3446 familiae,
1865 3391 1936 3435 ex
1982 3391 2100 3452 quo
2167 3372 2317 3435 illud
2376 3373 2689 3454 exemplar
2729 3392 2873 3453 pro-

436 3480 667 3543 fectum
713 3484 862 3551 erat,
909 3476 1370 3557 deprompsisse
1433 3479 1542 3538 aut
1591 3477 1811 3539 bonam
1860 3479 2045 3558 atque
2092 3477 2323 3540 iustam
2372 3478 2740 3559 scripturam
2789 3482 2871 3539 11

438 3584 687 3649 aliunde
733 3602 921 3665 quam
957 3602 1027 3646 ex
1066 3582 1165 3645 illo
1205 3582 1515 3645 communi
1562 3581 1725 3645 fonte
1772 3586 2038 3645 tractam
2084 3602 2235 3656 esse,
2282 3582 2600 3646 lectionem
2646 3586 2870 3646 autem

435 3692 476 3755 J
488 3691 537 3753 T
583 3690 876 3769 originem
921 3688 1140 3751 ducere
1187 3706 1258 3751 ex
1303 3688 1628 3767 archetypo
1673 3688 1713 3751 J
1730 3687 1882 3751 ΤΠ

649 3795 923 3857 Eandem
954 3793 1397 3857 dubitat-ionem
1428 3794 1632 3855 movet
1662 3792 1851 3854 etiam
1880 3791 2170 3854 XXXVII
2204 3795 2263 3867 3,
2289 3794 2344 3867 7,
2378 3794 2482 3855 ubi
2520 3793 2871 3867 verborum,

441 3920 596 3981 quae
661 3900 946 3963 exhibent
992 3897 1142 3973 ΟΠ,
1200 3901 1384 3977 „post
1427 3896 1670 3976 myam
1699 3900 2303 3976 pereyrinationem“
2358 3898 2606 3961 omissio
2647 3899 2711 3959 in
2757 3898 2798 3962 J
2816 3900 2873 3963 T

441 4008 536 4068 vix
582 4006 759 4069 aliter
802 4004 1152 4085 explicanda
1199 4006 1308 4067 est.

651 4111 772 4175 Sed
817 4112 1006 4174 etiam
1053 4110 1208 4173 aliae
1264 4109 1522 4173 lacunae
1570 4108 1633 4171 in
1676 4106 1801 4182 JT,
1848 4126 2227 4189 quamquam
2287 4128 2405 4171 non
2451 4109 2680 4171 habent
2734 4110 2876 4174 vim

440 4220 944 4298 argumentorum
992 4216 1142 4279 nihil
1188 4215 1358 4278 dubii
1402 4213 1898 4294 relinquentium,
1944 4214 2243 4277 iudicium
2292 4216 2569 4277 nostrum
2623 4233 2694 4277 ex
2742 4215 2879 4280 illis
