3120 4920
1678 223 1761 286 14

504 433 731 511 legitur
761 432 823 494 in
852 432 894 496 J
907 433 1050 494 ΤΠ
1073 433 1576 512 „temporisque“,
1603 432 1762 512 quod
1787 433 2127 496 sententiae
2156 431 2364 494 minus
2396 431 2941 494 accommodatum

508 540 619 600 est.
721 537 810 598 le
869 538 1048 601 verbo
1118 539 1282 600 enim
1351 536 1711 617 ,‚aliquam“
1778 537 1929 599 mihi
1998 537 2324 600 manifesto
2388 537 2621 599 elucere
2688 535 2941 598 videtur

511 643 866 723 scriptorem
927 643 1228 723 particula
1285 645 1440 721 „ve“
1495 662 1682 708 usum
1752 661 1913 716 esse,
1987 661 2132 705 cum
2204 661 2322 705 non
2381 660 2621 723 semper
2690 642 2937 704 occasio

508 748 798 828 temporis
843 767 968 811 una
1014 768 1156 811 cum
1206 749 1518 812 occasione
1562 749 1678 812 loci
1723 747 1976 812 accidat.

714 871 950 934 XXXII
1009 873 1066 947 2,
1107 873 1138 934 1
1205 891 1539 952 cognomen
1602 871 1761 935 Iovis
1822 872 1885 936 in
1932 870 1978 934 C
2026 872 2148 934 solo
2208 873 2368 934 recte
2438 872 2750 933 servatum
2813 873 2934 932 est.

503 976 706 1039 Huius
775 978 940 1040 enim
1009 977 1229 1040 codicis
1298 977 1666 1059 scripturam
1734 975 2114 1058 ,‚Elymaei“
2182 976 2515 1040 defendunt
2572 975 2743 1040 Diod.
2807 975 2933 1038 Sic.

501 1081 768 1144 XXVIII
815 1084 854 1144 3
914 1086 976 1146 et
1036 1081 1236 1146 Strab.
1295 1082 1440 1146 XVI
1487 1084 1545 1158 1,
1588 1084 1690 1158 18,
1750 1083 1912 1165 apud
1981 1101 2131 1164 quos
2190 1082 2356 1146 idem
2424 1081 2583 1160 regis
2642 1082 2936 1144 Antiochi

505 1188 892 1267 sacrilegium
951 1192 1478 1252 commemoratur.
1574 1189 1648 1252 In
1693 1188 2003 1252 communi
2049 1187 2212 1251 fonte
2258 1190 2598 1251 ceterorum
2644 1187 2928 1250 codicum

505 1311 541 1355 a
589 1293 851 1368 librario,
901 1294 1004 1375 qui
1049 1295 1306 1358 fortasse
1353 1295 1710 1374 cogitaverit
1752 1294 1827 1358 de
1872 1294 2095 1359 celebri
2146 1294 2252 1357 illo
2296 1294 2589 1376 Apollinis
2636 1292 2931 1373 Didymei

501 1399 728 1479 templo
776 1399 937 1480 apud
983 1399 1269 1463 Miletum
1315 1401 1449 1475 sito,
1498 1401 1794 1482 scriptum
1841 1402 1965 1463 est:
2014 1396 2411 1480 „Didymei“.

711 1521 971 1585 XXXIV
1018 1524 1069 1599 1,
1105 1525 1142 1586 5
1191 1525 1489 1588 traditum
1519 1529 1615 1588 est
1649 1525 1712 1587 in
1753 1523 1831 1587 C:
1879 1521 2050 1602 „Sed
2090 1523 2306 1604 legatis
2350 1522 2578 1586 occulta
2613 1522 2925 1585 mandata

503 1626 654 1690 data
723 1632 889 1706 sunt,
957 1632 1030 1690 ut
1089 1649 1308 1708 corpus
1367 1628 1758 1693 Achaeorum
1812 1627 2210 1692 dissolverent
2272 1627 2675 1709 sinyulasque
2739 1626 2927 1690 urbes

493 1734 736 1810 proprii
783 1734 945 1796 iuris
988 1734 1290 1820 facerent·
1327 1755 1446 1814 quo
1488 1733 1742 1813 facilius
1786 1737 1845 1798 et
1884 1734 1974 1797 ad
2026 1733 2107 1797 ob
2122 1753 2154 1796 s
2170 1755 2252 1814 eq
2266 1735 2348 1797 ui
2360 1754 2403 1796 a
2448 1736 2803 1814 eoyerentur
2845 1736 2921 1809 et,

501 1838 561 1899 si
602 1857 763 1917 quae
821 1838 1001 1901 urbes
1045 1843 1434 1904 contumaees
1490 1844 1712 1918 essent,
1770 1840 2253 1920 fatiyarenturf‘
2344 1839 2688 1902 Lectionem
2733 1838 2920 1900 huius

500 1942 724 2007 codicis
772 1943 1140 2024 ‚,obsequm“
1181 1946 1516 2027 scripturae
1556 1946 1599 2010 J
1610 1945 1662 2008 Τ
1679 1948 1757 2007 Π
1788 1944 2217 2025 ,‚0bsequium“
2263 1944 2607 2026 praevalere
2651 1942 2922 2006 ostendit

496 2049 632 2112 luce
679 2049 902 2112 clarius
948 2049 1172 2112 Iustini
1228 2069 1362 2113 mos
1408 2051 1713 2131 loquendi,
1778 2069 1896 2132 quo
1960 2050 2298 2114 secundum
2353 2052 2673 2131 poetarum
2730 2063 2918 2111 usum

498 2154 818 2236 aliquoties
875 2156 1176 2238 pluralem
1230 2175 1568 2222 numerum
1624 2157 1846 2238 posuit,
1904 2157 2010 2220 ubi
2070 2157 2445 2236 singularem
2490 2157 2915 2236 exspectamus

497 2259 571 2323 cf.
617 2259 769 2323 XIII
817 2262 1023 2336 2,14;
1066 2261 1245 2324 XXII
1291 2265 1350 2337 2,
1384 2263 1422 2325 8
1470 2281 1520 2326 e.
1570 2283 1627 2343 q.
1674 2266 1751 2326 8.¹

709 2365 968 2429 XXXIV
1005 2369 1064 2441 2,
1089 2368 1125 2429 7
1173 2369 1236 2430 in
1279 2365 1324 2430 O
1359 2369 1740 2430 invenimus:
1782 2365 2001 2445 „Dum
2036 2366 2186 2430 haee
2216 2370 2510 2447 ayuntur,
2542 2385 2655 2428 rex
2692 2362 2915 2444 Syriae

497 2469 843 2535 Antiochus
889 2470 1212 2551 PtohmeO,
1258 2475 1486 2537 maiori
1529 2476 1760 2537 sororis
1805 2493 1957 2537 suae
1998 2472 2143 2553 filio,
2188 2474 2322 2554 reyi
2365 2471 2645 2553 Aeyypti,
2704 2468 2914 2532 bellum

495 2576 705 2654 infert,
753 2579 930 2659 seyni
971 2577 1304 2641 admodum
1357 2583 1416 2641 et
1455 2578 1771 2643 cotidiana
1830 2578 2089 2643 luoewria
2146 2580 2239 2642 ita
2282 2578 2603 2653 marcenti,
2663 2579 2735 2637 ut
2786 2593 2911 2637 non

495 2680 689 2744 solum
754 2684 962 2763 reyiae
1032 2685 1374 2747 maiestatis
1439 2684 1649 2763 officia
1716 2686 2151 2761 intermitteret,
2212 2702 2424 2745 verum
2484 2685 2666 2745 etiam
2724 2698 2911 2743 sensu

495 2785 761 2851 hominis
803 2790 1005 2851 nimia
1051 2790 1282 2867 sayina
1326 2794 1630 2867 careret“‚
1678 2791 1741 2853 in
1778 2790 1820 2854 J
1834 2789 1979 2851 ΤΠ
2017 2790 2379 2867 „maioris“.
2457 2787 2547 2851 Ut
2582 2805 2655 2849 ex
2692 2785 2910 2855 verbis,

496 2910 652 2971 quae
715 2897 1074 2973 sequuntur,
1133 2942 1163 2977 „
1181 2892 1411 2957 Pulsus
1463 2896 1657 2976 iyitur
1699 2914 1886 2976 reyno
1929 2894 2019 2959 ad
2072 2894 2333 2973 fratrem
2374 2895 2673 2956 minorem
2722 2890 2908 2955 Ptolo-

491 3016 694 3147 ηὲεαῧα
737 2994 1207 3150 Αὲεἶῗξᾶῖξαω
1261 3000 1576 3082 eonfuyit“
1633 3003 1821 3082 patet,
1884 2997 2195 3084 „maiori“
2256 3017 2399 3062 vera
2460 2999 2759 3079 scriptura
2819 3001 2911 3060 est

493 3102 526 3147 c
553 3134 567 3147 .
688 3104 742 3149 v,
1117 3135 1130 3150 .

702 3189 962 3252 XXXIV
996 3194 1057 3263 4,
1086 3192 1116 3253 1
1163 3192 1594 3271 gravissimam
1634 3192 2160 3274 interpolationem
2198 3192 2261 3254 in
2298 3192 2623 3272 archetypo
2659 3190 2907 3252 alterius

493 3294 772 3359 codicum
835 3296 1038 3377 stirpis
1101 3297 1627 3378 deprehendimus,
1721 3296 1880 3360 Cum
1937 3298 2099 3360 enim
2162 3297 2443 3360 exhibeat
2494 3294 2574 3359 C:
2634 3293 2909 3374 „Eodem

489 3400 618 3478 fere
670 3404 926 3481 tempore
971 3400 1262 3479 prasus,
1319 3422 1433 3465 rex
1486 3400 1848 3483 Bithyniae,
1907 3400 2230 3466 eonsilium
2288 3404 2442 3481 oepit
2496 3402 2908 3481 interficiendi

492 3503 849 3569 Nicomedis
890 3504 1028 3585 filii,
1085 3526 1303 3585 quem
1345 3527 1510 3587 ase
1553 3506 2037 3588 ableyatum,
2085 3507 2414 3571 studens
2457 3507 2909 3572 minoribus

488 3608 740 3689 filiis,
802 3630 990 3691 quos
1035 3632 1126 3675 ex
1169 3631 1503 3676 noverea
1547 3614 1711 3677 eius
1757 3617 2239 3692 susceperat,
2296 3611 2532 3677 Romae
2588 3612 2905 3692 habebat&

487 3715 688 3779 JTH
716 3716 1002 3779 tradunt:
1051 3714 1454 3793 „Nicomedis
1484 3715 1622 3796 filii,
1660 3717 1830 3780 dum
1864 3716 2262 3781 consulere
2299 3718 2555 3781 studet
2588 3720 2904 3783 minori-

488 3818 628 3880 bus
683 3818 936 3897 filiis,
1009 3840 1193 3900 quos
1252 3841 1344 3885 ex
1408 3840 1741 3886 noverea
1798 3824 1977 3885 eius
2036 3827 2501 3901 susceperat
2555 3827 2623 3886 et
2681 3822 2907 3887 Romae

489 3921 816 4001 habebat“,
856 3924 975 3987 nisi
1005 3925 1167 4005 quod
1195 3924 1247 3987 Τ
1276 3927 1400 3989 tres
1431 3926 1687 3989 ultimas
1717 3945 1892 3991 voces
1934 3928 2179 3991 omittit.
2250 3926 2362 3990 Vel
2392 3946 2537 3991 cum
2568 3929 2905 4009 scripturae

490 4027 929 4109 discrepantias
976 4029 1240 4092 strictim
1282 4030 1565 4110 legimus,
1613 4029 1789 4095 facile
1831 4031 2227 4113 perspicimus
2273 4032 2457 4094 verba
2502 4052 2722 4111 „quem
2762 4054 2807 4096 a
2841 4052 2906 4096 se

705 4237 724 4266 ¹
758 4232 836 4287 Cf.
873 4234 1011 4288 Frid.
1049 4234 1280 4290 Fischer.
1353 4237 1432 4290 De
1467 4238 1759 4292 elocutione
1794 4237 2003 4291 Iustini.
2075 4236 2226 4289 Halis
2262 4236 2532 4291 Saxonum
2569 4254 2687 4307 pag.
2725 4238 2793 4293 53
2825 4254 2901 4307 sq.
