3120 4920
1708 215 1747 276 6

516 422 858 486 testimonio
915 421 1201 486 Orosium
1263 424 1689 505 presbyterum
1744 423 2122 504 Hispanum,
2184 423 2287 504 qui
2346 423 2566 486 Iustini
2629 423 2942 504 epitomen

519 529 760 590 saeculo
810 529 1021 609 quinto
1080 529 1142 590 in
1205 529 1602 592 historiarum
1660 529 1951 592 adversus
2008 546 2277 609 paganos
2340 527 2511 590 libris
2576 531 2811 608 septem
2857 528 2941 589 ad

515 632 775 695 verbum
820 632 943 696 fere
989 632 1324 713 descripsit,
1371 633 1543 696 nobis
1591 635 1813 696 testem
1861 634 2226 714 locupletem
2270 632 2587 695 verborum
2626 632 2937 713 scriptoris

519 756 670 812 esse,
729 736 792 799 in
837 737 931 800 his
979 741 1207 811 autem,
1266 738 1373 801 ubi
1421 736 1673 801 Orosius
1716 757 1861 801 cum
1917 738 2128 819 paucis
2176 739 2421 801 tantum
2464 738 2635 800 libris
2682 737 2941 802 conferri

518 845 734 923 potest,
781 842 859 904 ad
907 840 952 905 C
998 842 1178 906 fidem
1230 843 1647 906 recensionem
1690 845 1894 906 textus
1940 861 2073 906 esse
2120 842 2519 920 dirigendam.

729 964 805 1027 In
865 965 1038 1028 libris
1083 966 1510 1047 posterioribus
1568 966 1755 1045 igitur
1808 967 2034 1046 recepit
2078 955 2373 1028 Ruehlius
2421 965 2727 1039 lectioneS,
2776 984 2937 1045 quae

518 1071 806 1150 leguntur
833 1070 896 1133 in
942 1068 1047 1134 CJ
1085 1073 1196 1133 aut
1238 1069 1347 1134 OT
1378 1073 1489 1133 aut
1520 1069 1567 1134 C
1590 1073 1675 1132 H.
1756 1069 1912 1133 Cum
1953 1070 2175 1133 codicis
2208 1068 2253 1133 O
2296 1070 2597 1151 scriptura
2635 1069 2940 1151 discrepat

521 1192 665 1237 cum
731 1175 956 1249 verbis,
1018 1193 1174 1255 quae
1232 1175 1560 1239 traduntur
1618 1193 1922 1239 consensu
1966 1175 2009 1239 J
2024 1174 2189 1249 ΤΠ,
2264 1175 2362 1238 ille
2420 1175 2511 1237 vir
2572 1175 2808 1248 doctuS,
2866 1177 2941 1237 ut

437 1298 446 1306 ·
519 1278 713 1360 ipsius
768 1279 967 1342 verbis
1023 1282 1182 1355 utar,
1256 1299 1484 1357 „suum
1541 1279 1845 1343 iudici-um
1901 1283 2143 1342 semotus
2202 1283 2324 1356 est,·
2395 1277 2500 1342 ubi
2558 1283 2723 1341 certa
2777 1280 2939 1342 ratio

521 1383 746 1462 deerat,
803 1373 1066 1468 ἐκλογὴν
1121 1383 1439 1447 lectionem
1489 1384 1650 1463 fecit,
1696 1383 2058 1464 plerumque
2113 1388 2318 1447 tamen
2372 1383 2414 1448 J
2434 1383 2486 1445 1·
2508 1386 2585 1444 Π
2632 1388 2937 1446 εεοαύιιε.“

525 1487 734 1568 (praef.
781 1507 918 1569 pag.
963 1488 1160 1570 XIII.)

732 1592 1172 1657 Recensionem
1237 1594 1533 1657 librorum
1600 1594 1869 1675 priorum
1929 1593 2017 1656 ita
2075 1593 2366 1667 instituit,
2426 1596 2499 1655 ut
2556 1592 2940 1655 variantibus

523 1697 837 1778 script-uris
883 1698 1167 1762 lectiones
1212 1698 1254 1763 J
1269 1698 1319 1761 Τ
1365 1702 1426 1762 et
1468 1698 1511 1762 J
1525 1701 1605 1759 Π
1640 1698 1899 1761 traditas
1942 1701 2227 1772 sumeret,
2276 1697 2498 1778 quibus
2535 1698 2940 1778 archetypum

521 1802 813 1865 librorum
869 1821 1062 1866 manu
1123 1804 1485 1884 scriptorum
1545 1803 1785 1883 generis
1832 1803 2084 1866 alterius
2146 1803 2301 1866 effici
2359 1803 2615 1884 putavit,
2672 1803 2747 1864 iis
2793 1802 2940 1865 locis

524 1909 760 1981 autem,
820 1908 929 1971 ubi
983 1907 1033 1970 Τ
1085 1927 1228 1971 cum
1288 1911 1367 1969 Π
1415 1908 1644 1971 faceret
1700 1911 1912 1971 contra
1965 1907 2025 1981 J,
2086 1910 2334 1989 poneret
2400 1907 2767 1988 scripturam
2834 1927 2943 1988 per

527 2010 812 2075 Orosium
857 2013 1197 2094 probatam,
1255 2013 1518 2094 exceptis
1578 2013 1664 2076 eis
1708 2013 1874 2087 IociS,
1917 2012 2023 2076 ubi
2071 2013 2199 2076 eius
2243 2014 2431 2075 verba
2482 2015 2764 2092 corrupta
2810 2030 2943 2076 esse

523 2120 817 2198 pateret·
889 2117 1011 2180 Ubi
1078 2115 1272 2180 Orosii
1339 2117 1763 2180 testimonium
1831 2117 2031 2192 deest,
2104 2136 2214 2180 suo
2281 2117 2503 2180 iudicio
2573 2117 2942 2198 scripturam

525 2239 885 2301 germanam
943 2222 1213 2286 invenire
1283 2222 1550 2296 studuit,
1624 2222 1717 2284 sin
1780 2225 1991 2286 autem
2048 2241 2121 2284 ex
2180 2222 2315 2303 ipsa
2370 2241 2435 2284 re
2492 2221 2941 2284 commendatio

525 2345 648 2390 non
707 2326 1052 2402 accedebat,
1112 2327 1155 2391 J
1200 2327 1525 2390 lectionem
1585 2328 1827 2407 recepit.
1904 2327 2307 2391 Existimavit
2363 2327 2527 2390 enim
2591 2329 2669 2387 H
2704 2345 2848 2389 cum
2897 2325 2947 2388 Τ

527 2431 776 2511 originis
835 2432 1263 2495 communione
1333 2432 1683 2514 copulatam
1743 2450 1876 2495 esse
1935 2434 2145 2495 contra
2200 2431 2260 2497 J.
2352 2431 2599 2495 Praeter
2659 2429 2946 2495 Orosium

527 2538 741 2619 paucis
779 2540 1030 2601 tantum
1061 2538 1206 2601 locis
1253 2537 1515 2604 aliorum
1558 2538 1939 2619 scriptorum,
1988 2537 2091 2619 qui
2132 2533 2444 2601 Iustinum
2483 2537 2946 2618 exscripserunt,

529 2642 798 2708 subsidio
842 2643 1055 2706 utitur.
1167 2662 1174 2668 ·
2434 2714 2439 2719 ,

737 2748 985 2812 Primus
1052 2748 1372 2822 rationem,
1441 2766 1564 2829 qua
1623 2748 1918 2811 Ruehlius
1989 2749 2171 2812 verba
2238 2747 2589 2811 breviatoris
2659 2746 2947 2821 restituit,

529 2854 993 2934 Petschenigius
1013 2856 1054 2927 ¹,
1100 2854 1193 2915 vir
1237 2854 1468 2928 doctuS,
1515 2855 1921 2935 impugnavit,
1968 2873 2111 2917 cum
2154 2852 2201 2917 C
2243 2854 2575 2935 scripturas
2623 2852 2952 2917 consensui

527 2960 570 3023 J
582 2959 725 3021 ΤΠ
753 2977 886 3021 esse
936 2958 1387 3040 anteponendas
1431 2960 1681 3040 negavit
1721 2962 1783 3023 et
1826 2960 2242 3040 compluribus
2287 2958 2649 3033 lectionibus
2696 2958 2948 3039 prolatis

529 3065 971 3146 praestantIam
1011 3064 1264 3128 secundi
1301 3065 1581 3128 codicum
1622 3065 1858 3145 generis
1890 3064 2307 3128 demonstrare
2346 3064 2601 3127 studuit.
2670 3063 2743 3125 In
2773 3060 2951 3127 textu

529 3169 898 3233 recensendo
944 3170 1109 3232 enim
1153 3170 1468 3245 RuehliuS,
1516 3169 1676 3251 quod
1724 3169 1971 3251 quidem
2017 3189 2087 3233 ex
2134 3171 2359 3233 selecta
2393 3170 2723 3233 lectionum
2760 3170 2951 3231 colla-

530 3274 712 3348 tione,
745 3292 934 3354 quam
963 3274 1138 3338 nobis
1168 3275 1233 3337 in
1263 3274 1447 3356 praef.
1479 3294 1619 3357 pag.
1650 3275 2029 3338 XVIII—LI
2058 3274 2355 3356 proponit,
2386 3273 2586 3337 videre
2617 3274 2951 3355 possimus,

530 3382 889 3463 plerumque
935 3381 1300 3461 scripturam
1348 3379 1394 3443 C
1439 3381 1682 3443 lectioni
1728 3382 1804 3443 ab
1849 3379 1891 3444 J
1905 3379 1955 3442 Τ
1972 3382 2049 3440 Π
2087 3379 2344 3443 traditae
2388 3378 2695 3461 praetulit.

745 3501 970 3566 Contra
1015 3502 1167 3566 mihi
1211 3502 1312 3565 ille
1359 3502 1552 3566 editor
1599 3521 1667 3565 eo
1714 3521 1751 3565 a
1795 3520 1934 3565 vero
1991 3502 2304 3565 aberrasse
2348 3502 2607 3575 videtur,
2667 3502 2826 3582 quod
2883 3503 2953 3564 in

534 3607 932 3671 emendandis
979 3612 1164 3688 atque
1224 3607 1300 3670 ad
1348 3607 1765 3688 integritatem
1811 3607 2161 3670 revocandis
2208 3607 2430 3670 Iustini
2483 3607 2679 3670 verbis
2742 3610 2955 3687 spreta

533 3713 677 3776 ΤΠ
727 3712 1168 3795 conspiratione
1227 3712 1269 3777 J
1329 3712 1665 3793 scripturas
1731 3712 1973 3793 recepit.
2072 3712 2235 3775 Nam
2281 3712 2345 3775 in
2401 3712 2518 3775 hac
2576 3730 2640 3775 re
2706 3712 2955 3790 longius

533 3818 842 3900 processit,
889 3835 1078 3899 quam
1124 3836 1198 3879 ex
1241 3818 1438 3880 verbis
1484 3817 1874 3898 praefationis
1921 3816 2112 3880 statui
2156 3820 2372 3899 potest,
2420 3836 2565 3881 cum
2607 3817 2955 3881 secuudum

537 3942 722 4005 supra
788 3925 1332 3987 commemoratam
1399 3922 1786 3986 collationem
1857 3923 1979 3985 135
2042 3923 2189 3985 locis
2232 3922 2303 3996 J,
2352 3924 2437 3985 24
2504 3924 2750 3986 tantum
2814 3922 2967 3985 ΤΠ

534 4029 856 4092 lectionem
905 4028 1250 4109 sumpserit,
1293 4028 1542 4109 reliquis
1592 4028 1673 4089 32
1720 4028 1867 4090 locis
1912 4028 2035 4090 alia
2081 4028 2481 4109 supposuerit.

754 4245 770 4273 ¹
809 4239 1106 4293 zeitschrift
1147 4240 1233 4289 fiir
1269 4238 1355 4290 die
1393 4240 1573 4291 dsterr.
1613 4237 1949 4305 Gymnasien.
2023 4237 2107 4290 38.
2144 4237 2325 4305 Jahrg.
2397 4254 2513 4307 pag.
2552 4238 2673 4291 440.
