3120 4920
1531 254 1741 318 ‚54

486 462 654 526 illius
731 463 944 526 classis
1019 463 1454 526 testimonium·
1517 463 1691 541 deest
1764 466 1835 525 ut
1908 462 1970 525 II
2042 463 2141 536 13,
2187 465 2300 535 10·;
2393 462 2494 536 14,
2532 464 2603 536 ὃς
2694 464 2794 537 14,
2836 464 2913 536 9;

487 567 576 629 XI
639 568 736 640 10,
775 568 890 639 13;
983 567 1104 629 XII
1169 569 1267 642 10,
1313 569 1348 630 7
1399 565 1969 650 ‘(‚,Babykmam“);
2064 569 2163 642 10,
2201 569 2235 629 7
2298 567 2629 650 („redit“);
2711 569 2812 642 11,-
2850 568 2907 630 1.

487 671 610 734 Sed
655 691 798 734 cum
842 672 990 734 haec
1025 672 1298 753 exempla
1330 672 1409 735 ad
1442 673 1601 735 ha'nc
1638 671 1885 752 quidem
1924 673 2347 753 quaestionem
2383 692 2508 735 non
2542 673 2902 753 pertineant,

485 773 561 840 de
607 777 682 840 iis
728 777 843 840 alio
888 777 1036 850 loce,
1081 795 1225 840 011111
1271 779 1335 839 111
1381 777 1739 840 universum
1782 776 1855 840 de
1894 777 2215 858 permultis
2255 777 2418 851 10013,
2465 778 2573 840 11111
2608 777 2905 841 Ruehlius

483 877 670 944 licere
726 879 843 944 sibi
903 881 1127 945 Iustini
1187 885 1428 946 textum
1487 883 1613 945 suis
1672 883 1763 945 vel
1828 882 2087 945 aliorum
2148 883 2511 946 commentis
2568 883 2905 946 immutare

483 985 740 1067 putavit,
783 1005 986 1066 agam,
1022 989 1462 1070 accuratiorem
1493 987 1970 1068 disputationem
1989 987 2223 1050 'habere
2254 988 2404 1050 mihi
2442 988 2502 1049 in
2542 988 2745 1050 animo
2788 991 2902 1050 est.

696 1301 1000 1380 Quoniam
1044 1303 1134 1365 ita
1180 1302 1258 1364 ad
1304 1302 1489 1366 finem
1527 1302 1788 1383 perveni,
1835 1305 2027 1366 restat
2064 1303 2211 1377 iam,
2256 1305 2329 1366 ut
2368 1303 2557 1366 totius
2596 1323 2904 1367 commen-

481 1407 729 1469 tationis
777 1425 1088 1470 summam
1134 1407 1376 1470 faciam.
1430 1481 1436 1486 .

693 1529 1111 1610 Principatum
1163 1531 1322 1593 inter
1365 1531 1549 1593 libros
1598 1549 1789 1594 manu
1836 1531 2089 1611 scriptos
2134 1523 2358 1594 Iustini
2396 1531 2631 1595 obtinet
2671 1530 2736 1605 C,
2782 1550 2901 1612 quo

482 1636 755 1716 primum
800 1653 995 1712 genus
1042 1635 1321 1699 codicum
1368 1635 1643 1699 efficitur.
1736 1636 2131 1716 Reliquorum
2178 1635 2458 1726 codicum
2504 1636 2656 1699 ratio
2706 1637 2792 1699 ita
2836 1655 2903 1699 se

482 1739 683 1802 habet.
777 1738 1010 1803 Omnes
1070 1743 1192 1802 tres
1257 1741 1483 1803 classes
1531 1740 1785 1803 alterius
1848 1739 2054 1820 stirpis
2112 1759 2184 1802 ex
2244 1758 2367 1803 uno
2432 1737 2681 1820 quidem
2737 1741 2901 1804 fonte

479 1843 804 1919 fluxerunt,
866 1844 972 1907 sed
1035 1847 1112 1905 H
1149 1846 1517 1934 archetypus
1581 1864 1613 1908 e
1668 1843 1871 1908 codice
1934 1846 2153 1926 alique,
2222 1845 2329 1925 qui
2388 1845 2608 1908 artiore
2665 1847 2903 1908 vinculo

479 1967 622 2014 cum
671 1947 718 2012 O
765 1953 826 2012 et
865 1948 915 2010 Τ
949 1950 1276 2030 archetypo
1323 1951 1687 2013 coniunctus
1734 1953 1887 2024 erat,
1933 1953 2238 2014 correctus
2282 1951 2475 2031 pretio
2522 1953 2741 2014 auctus
2786 1954 2901 2026 est,
2942 1949 2951 1960 ’

478 2055 570 2116 ita
615 2056 688 2115 ut
733 2056 966 2116 ceteras
1012 2054 1242 2116 classes
1289 2055 1508 2117 vincat.

692 2175 760 2238 In
821 2175 1181 2239 adhibendis
1251 2177 1438 2255 igitur
1494 2178 1784 2252 testibus,
1856 2179 1962 2258 qui
2018 2177 2205 2240 verba
2271 2176 2497 2239 Iustini
2567 2178 2902 2240 memoriae

478 2282 760 2362 produnt,
810 2282 971 2343 hanc
1015 2281 1179 2344 viam
1226 2300 1298 2355 ac
1342 2283 1641 2346 rationem
1688 2285 1859 2364 sequi
1903 2284 2155 2363 oportet,
2203 2284 2275 2344 ut
2318 2282 2511 2362 primo
2553 2283 2681 2345 loco
2728 2283 2904 2346 testi-

479 2386 755 2458 monium
796 2384 860 2460 C,
908 2387 1148 2450 etiamsi
1196 2405 1407 2449 omnes
1454 2389 1640 2449 ceteri
1686 2387 1822 2451 libri
1867 2406 2060 2450 manu
2107 2387 2314 2469 scripti
2361 2405 2488 2449 una
2533 2386 2903 2469 discrepant,

363 2520 368 2523 ·
480 2491 881 2574 spectandum
927 2492 1022 2566 sit,
1071 2492 1188 2555 nisi
1234 2496 1602 2575 argumenta
1648 2512 1721 2555 ex
1756 2492 1901 2574 ipsis
1942 2492 2085 2555 locis
2123 2493 2313 2573 petita
2349 2493 2536 2555 aliam
2581 2494 2905 2557 lectionem

476 2616 582 2679 pro
629 2616 772 2660 vera
819 2597 1165 2661 habendam
1210 2617 1345 2687 esse
1391 2598 1629 2661 docent.
1722 2598 1803 2661 Iis
1857 2598 2001 2661 10013
2048 2601 2278 2673 autem,
2333 2597 2439 2661 ubi
2487 2597 2533 2661 C
2580 2598 2767 2673 deest,
2830 2619 2905 2663 ex

477 2720 782 2766 consensu
826 2702 1092 2765 duarum
1137 2704 1430 2767 classium
1461 2704 1504 2767 J
1518 2704 1570 2765 Τ
1614 2706 1723 2769 aut
1751 2704 1794 2768 J
1814 2706 1891 2764 H
1929 2706 2038 2766 aut
2067 2702 2222 2778 ΤΠ,
2268 2702 2415 2783 quid
2459 2703 2525 2766 in
2572 2704 2903 2787 archetypo

480 2809 784 2871 secundae
815 2808 1097 2871 codicum
1127 2808 1399 2873 familiae
1424 2808 1738 2883 exstiterit,
1764 2807 2171 2888 colligendum
2196 2809 2306 2872 est.
2369 2806 2443 2871 Id
2467 2810 2904 2885 certissimum,

478 2912 900 2976 testimonium
930 2914 971 2978 J
1005 2914 1191 2977 solius
1223 2933 1342 2977 non
1374 2914 1640 2989 maioriS,
1687 2918 1760 2977 ut
1791 2914 1937 2977 fecit
1969 2914 2284 2989 Ruehlius‚
2331 2913 2679 2995 putandum
2712 2933 2902 3048 qnam

481 3036 849 3083 consensum
895 3018 1041 3080 ΤΠ
1074 3018 1467 3083 familiarum.
