3120 4920
1395 224 1431 286 7

419 431 728 495 Postremo
775 432 1010 495 silentio
1055 451 1176 496 non
1219 432 1735 514 praetereundum
1774 431 2118 495 existimavi
2154 430 2503 506 Ruehlium,
2549 433 2621 492 ut

205 537 331 598 iam
367 536 824 616 Petschenigius
861 538 899 600 1.
934 538 972 601 1.
1004 538 1505 602 commemoravit
1540 540 1604 600 et
1636 537 1926 617 exemplis
1972 535 2174 599 allatis
2220 535 2619 611 confirmavit,

203 641 388 704 nimis
464 641 785 705 temerarie
861 643 1115 706 infinitis
1192 642 1368 717 lociS,
1447 661 1707 723 quorum
1780 644 2020 723 partem
2086 640 2152 703 in
2222 641 2620 721 sequentibus

204 747 479 809 tractabo
497 793 512 820 ,
589 766 694 827 pro
773 748 1134 811 lectionibus
1209 747 1488 810 codicum
1562 747 1728 810 haud
1803 747 1984 809 dubie
2060 745 2231 808 bonis
2307 748 2369 809 et
2440 745 2620 809 iustis

204 846 582 914 coniecturas
631 851 902 933 proprias
949 856 1058 916 aut
1090 853 1348 916 aliorum
1385 852 1713 914 conamina
1752 869 1889 914 mea
1926 851 2231 914 sententia
2268 869 2335 913 eo
2371 850 2620 912 consilio

203 958 518 1038 recepisse,
564 961 636 1019 ut
679 958 862 1021 verba
910 959 1218 1038 scriptoris
1264 959 1669 1037 congruerent
1714 943 1858 1019 cum
1904 956 2087 1019 rebus
2134 955 2348 1044 gestiso
2372 955 2449 1017 ab
2489 954 2620 1018 aliis

205 1062 465 1124 testibus
526 1063 853 1126 memoriae
911 1063 1200 1142 proditiS,
1264 1062 1438 1142 quasi
1497 1063 1736 1135 omnia,
1802 1080 1957 1142 quae
2004 1061 2327 1141 Pompeius
2386 1060 2621 1140 Trogus

204 1167 297 1230 vel
329 1167 606 1230 Iustinus
645 1168 1037 1248 scripserunt,
1075 1186 1320 1248 prorsus
1351 1167 1631 1230 absoluta
1661 1166 1939 1239 fuissent,
1978 1183 2176 1246 neque
2219 1165 2330 1227 1111·
2352 1165 2622 1228 historici

204 1273 268 1335 in
313 1271 625 1334 tradendis
670 1271 1022 1334 nominibus
1059 1275 1168 1334 aut
1205 1260 1388 1334 rebus
1425 1289 1627 1334 errare
1666 1271 2023 1352 potuissent.
2095 1269 2213 1334 Sed
2250 1269 2325 1332 de
2364 1269 2620 1348 singulis
2682 1307 2689 1316 ·

205 1397 316 1440 suo
363 1378 488 1440 loco
533 1377 784 1440 uberius
831 1376 1171 1457 disputabO.

417 1498 586 1577 Quae
647 1517 789 1562 cum
856 1499 944 1562 ita
999 1500 1141 1574 sint,
1211 1518 1333 1563 non
1391 1497 1605 1560 inutile
1666 1516 1799 1560 esse
1868 1497 2127 1561 arbitror
2194 1497 2272 1560 ad
2341 1497 2622 1562 codicum

204 1605 685 1668 Iustinianorum
731 1603 1083 1667 universam
1141 1588 1557 1668 condicionem
1620 1601 2049 1684 explorandam
2113 1620 2337 1665 novam
2400 1603 2621 1667 habere

204 1711 640 1791 quaestionem,
688 1711 760 1772 ut
804 1727 1264 1789 cognoscamuS,
1320 1708 1527 1772 iurene
1586 1707 2047 1787 Petschenigius
2094 1705 2141 1770 O
2189 1708 2379 1771 codici
2437 1708 2622 1772 fidem

203 1805 599 1895 abrogaverit,
651 1817 834 1894 atque
884 1815 1184 1878 secundae
1231 1814 1509 1877 codicum
1556 1813 1761 1895 stirpis
1821 1813 1998 1888 ratic,
2054 1831 2244 1894 quam
2304 1815 2623 1879 constituit

204 1921 521 1995 RuehliuS,
551 1920 736 1983 'omni
781 1938 852 1982 ex
896 1923 1067 2001 parte
1115 1920 1196 1982 sit
1235 1918 1570 2000 probanda.

413 2041 463 2104 E
511 2042 745 2105 duobus
792 2043 982 2121 igitur
1025 2031 1302 2123 partibus
1337 2044 1468 2104 tota
1503 2040 1939 2104 commentatio
1986 2041 2308 2116 constabit,
2358 2060 2622 2122 quarum

203 2147 415 2228 priore,
485 2147 698 2226 quanti
757 2147 838 2210 sit
903 2147 1221 2210 habendus
1280 2146 1466 2210 codex
1513 2144 1579 2221 O,
1648 2163 1847 2225 agam,
1918 2145 2127 2220 altera,
2198 2165 2319 2226 qua
2385 2149 2619 2212 ratione

205 2251 482 2314 codicum
529 2251 757 2314 classes
805 2252 1057 2329 secundi
1101 2252 1338 2332 generis
1383 2251 1544 2314 inter
1592 2269 1655 2313 se
1701 2250 2058 2314 coniunctae
2106 2250 2245 2316 sint.

953 2622 1357 2696 Pars
1426 2624 1881 2717 prior.

1075 2779 1162 2847 De
1207 2775 1338 2847 fide
1386 2776 1641 2847 codicis
1690 2777 1757 2847 G.

413 2936 508 2998 Ad
543 2936 764 3017 codicis
797 2934 862 3012 O,
902 2936 976 2999 de
1012 2938 1188 3001 cuius
1220 2937 1417 3000 indole
1454 2937 1582 3000 iam
1616 2938 1913 3003 Ruehlius
1947 2938 2187 3016 longius
2225 2937 2561 3019 disputavit
2579 2942 2619 3013 1,

205 3041 632 3104 auctoritatem
691 3042 1180 3123 investigandam
1246 3043 1483 3123 primus
1548 3044 1725 3106 testis
1783 3041 2170 3106 advocandus
2238 3046 2333 3106 est
2386 3043 2619 3107 Paulus

206 3143 456 3207 Orosius
477 3147 519 3220 2,
600 3146 706 3225 qui
773 3146 1018 3208 omnino
1085 3148 1152 3208 in
1223 3147 1548 3210 reficienda-
1621 3130 1909 3210 librorum
1981 3146 2204 3209 Iustini
2270 3147 2620 3227 integritate

201 3249 459 3312 maximi
504 3240 784 3331 ponderis
833 3253 944 3313 est.
1037 3250 1235 3329 Quem
1295 3251 1651 3333 scriptorem
1707 3251 2208 3327 ecclesiasticum,
2272 3253 2417 3333 quia
2476 3271 2620 3316 011111

201 3355 376 3417 nulla
436 3357 726 3436 quattuor
783 3355 1062 3419 codicum
1129 3356 1423 3419 classium
1491 3358 1619 3420 sola
1681 3357 2001 3430 consentit,
2069 3358 2174 3421 sed
2241 3357 2388 3421 locis
2457 3376 2621 3421 com-

202 3460 476 3541 pluribus
523 3461 701 3523 modo
749 3479 891 3523 cum
933 3459 998 3535 C,
1043 3461 1222 3524 modo
1268 3480 1411 3524 cum
1455 3462 1497 3527 J
1543 3465 1654 3525 aut
1696 3462 1746 3525 Τ
1792 3465 1901 3525 aut
1940 3465 2017 3523 H
2054 3462 2376 3545 conspirat,
2422 3464 2617 3526 multa

201 3570 515 3647 praeterea
575 3566 833 3640 exhibet,
894 3584 1049 3647 quae
1103 3567 1241 3629 libri
1300 3586 1490 3630 manu
1537 3568 1747 3650 scripti
1794 3568 2034 3642 Iustini,
2100 3587 2251 3648 quos
2297 3568 2617 3643 habemuS,

203 3690 324 3733 non
371 3670 638 3744 tradunt,
699 3671 1008 3753 proprium
1068 3672 1268 3734 locum
1312 3670 1472 3735 inter
1516 3675 1704 3735 testes
1749 3673 1934 3735 verba
1992 3673 2155 3735 illius
2202 3674 2615 3754 epitomatoris

200 3776 531 3839 memoriae
575 3776 894 3857 prodentes
950 3777 1222 3840 obtinere
1282 3776 1682 3864 manifestum
1730 3780 1839 3841 est.
1933 3775 2090 3840 Cum
2142 3796 2315 3859 porro
2362 3778 2615 3855 codices,

417 3987 436 4016 ¹
474 3982 551 4037 cf.
587 3982 865 4051 Textesqu.
902 3999 1019 4052 pag.
1058 3985 1091 4037 5
1127 4000 1221 4052 sq„
1261 4001 1376 4053 pag.
1415 3985 1480 4037 37
1519 3999 1652 4052 sqq.,
1690 4000 1804 4052 pag.
1844 3985 1912 4038 56
1949 3985 2001 4037 et
2035 3985 2249 4051 praefat.
2288 3987 2366 4039 ed.
2401 4003 2517 4055 pag.
2544 3988 2613 4055 V,

200 4088 319 4139 pag.
357 4070 495 4123 Xn]
531 4086 644 4138 sqq.

221 4210 226 4215 .
415 4162 438 4193 ⁹·
472 4158 551 4210 De
587 4159 896 4212 auctoritate
933 4158 1102 4212 Orosii
1137 4159 1194 4211 in
1228 4161 1404 4213 verbis
1451 4160 1643 4213 Iusfini
1678 4160 2010 4213 recensendis
2046 4160 2168 4213 vide
2210 4160 2614 4228 disputationem

198 4246 412 4300 Ruehlii
445 4246 504 4298 in
537 4246 817 4315 Textesqu.
852 4264 903 4315 p.
941 4248 1010 4301 30
1049 4263 1161 4315 sqq.
