3120 4920
1706 232 1789 293 20

536 444 666 516 5,·1
715 443 1156 522 ''„quieverit“‚
1269 442 1330 517 8,
1369 443 1408 503 3
1477 441 1829 521 „f'ratris“,
1930 439 2192 503 XXXIX
2253 441 2380 513 3,1
2464 439 2746 518 „seilicet
2810 445 2959 518 ne“‚

535 549 594 621 3,
633 549 674 610 4
721 548 1042 627 ‚,fratri“,
1123 549 1182 622 3,
1226 549 1263 609 5
1311 549 1786 626 „innupserit“,
1867 548 1937 621 5,
1981 547 2022 608 4
2089 549 2486 624 ‚,eoartata“,
2562 545 2735 608 XLII
2805 548 2880 618 2,
2922 548 2958 608 2

537 652 940 730 „Toeharis“,
988 653 1049 728 4,
1086 654 1164 715 12
1215 654 1585 736 „emittere“,
1628 651 1829 714 XLIII
1875 652 1936 727 4,
1973 652 2053 713 10
2090 651 2698 730 '‚,praetenduntur“.

746 811 1155 892 Nequaquam
1195 830 1366 892 porro
1407 810 1733 874 omittendi
1766 812 1913 872 sunt
1944 811 2078 883 loci,
2123 810 2185 872 in
2223 811 2445 890 quibus
2486 808 2550 885 C,
2599 829 2744 873 cum
2778 811 2961 874 ceteri

535 917 770 980 codices
801 917 1200 980 manifestum
1231 915 1711 1004 interpolationis
1743 915 2039 978 indicium
2066 915 2437 988 contineant,
2471 935 2685 979 verum
2710 916 2961 996 quidem

537 1041 657 1084 non
704 1023 927 1095 tradat,
977 1022 1083 1085 sed
1113 1025 1322 1084 tamen
1353 1021 1611 1100 vestigia
1642 1021 1928 1100 antiquae
1967 1021 2235 1083 lectionis
2280 1024 2492 1096 servet,
2540 1021 2627 1083 ita
2659 1024 2731 1083 ut
2762 1039 2835 1084 ex
2867 1021 2960 1082 his

534 1128 805 1208 reliquiis
852 1145 1182 1207 germanae
1230 1127 1565 1208 scripturae
1610 1125 1901 1188 facillima
1942 1127 2285 1189 mutatione
2323 1129 2504 1207 aptus
2546 1145 2763 1190 sensus
2802 1126 2960 1190 effici

533 1233 740 1315 possit.
834 1233 966 1296 Iam
1034 1233 1332 1296 Ruehlius
1403 1232 1695 1294 nonnulla
1764 1231 2113 1294 traditionis
2181 1231 2402 1294 menda
2472 1231 2519 1294 C
2589 1232 2961 1313 scripturam

534 1339 883 1403 coniectura
937 1337 1314 1401 emendando
1372 1338 1631 1411 sanavit,
1692 1340 1875 1417 atque
1937 1355 2046 1416 ego
2105 1337 2233 1417 ipse
2291 1356 2489 1399 unum
2541 1337 2636 1400 vel
2696 1338 2961 1400 alterum

534 1445 737 1507 locum
796 1462 862 1506 eo
909 1443 1086 1505 modo
1132 1443 1196 1504 in
1251 1444 1565 1522 integrum
1610 1443 1932 1506 restituere
1978 1447 2235 1505 conatus
2269 1461 2455 1504 sum.
2549 1442 2760 1504 Liceat
2804 1444 2962 1504 mihi

533 1550 699 1611 illius
759 1548 868 1610 viri
929 1548 1088 1611 docti
1146 1548 1601 1612 emendationes
1659 1565 1920 1628 meaque
1980 1552 2345 1622 commenta,
2407 1548 2625 1629 quippe
2686 1567 2836 1610 cum
2885 1547 2961 1609 ad

533 1654 1019 1735 perspiciendam
1075 1652 1121 1718 C
1169 1653 1597 1716 auctoritatem
1660 1671 1777 1715 non
1842 1653 2094 1716 minoris
2165 1653 2342 1734 pretii
2402 1653 2527 1716 sint-
2581 1671 2775 1733 quam
2849 1653 2960 1715 loci

537 1760 724 1834 allati,
771 1760 950 1840 paulo
995 1759 1340 1822 accuratius
1388 1758 1488 1821 hic
1533 1777 1849 1839 exponere.
1918 1799 1923 1802 -

746 1899 949 1962 XXXI
1005 1901 1063 1975 8,
1098 1901 1154 1975 5,
1189 1901 1227 1962 6
1275 1899 1464 1962 edidit
1521 1900 1852 1963 Ruehlius:
1916 1896 2095 1977 „Nee
2152 1897 2337 1961 multo
2367 1901 2515 1977 post
2548 1897 2776 1977 proelio
2822 1920 2963 1962 eum

536 2002 836 2068 Antiocho
881 2006 1213 2082 commisso,
1261 2025 1399 2067 eum
1443 2003 1755 2068 inclusa
1800 2004 2135 2067 descteme
2179 2008 2413 2066 eomu“
2464 2002 2614 2083 (scil.
2657 2005 2957 2086 hostium)

534 2110 726 2191 „leyio
771 2109 1062 2173 Romana
1115 2111 1349 2173 maiore
1405 2108 1689 2172 dedecore
1748 2129 1937 2189 quam
1980 2108 2257 2188 periculo
2316 2109 2405 2173 ad
2448 2113 2657 2172 castra
2700 2108 2961 2195 fugeret,

537 2215 636 2278 M.
705 2213 1030 2293 AemiliuS,
1108 2213 1396 2278 tribunus
1468 2214 1748 2293 militum,
1823 2215 1911 2278 ad
1983 2214 2229 2278 tutelam
2302 2218 2645 2278 castrorum
2709 2213 2963 2278 relictus

534 2341 789 2385 armare
833 2341 900 2383 se
931 2319 1153 2384 milites
1199 2340 1346 2384 suos
1381 2324 1438 2383 et
1471 2324 1649 2383 extra
1692 2319 1920 2383 vallum
1950 2321 2248 2400 proyredi
2282 2319 2512 2398 iubet“‚
2552 2321 2964 2401 compositam

540 2444 861 2491 assumens
909 2426 1276 2507 scripturam
1321 2443 1394 2489 ex
1439 2425 1486 2490 C
1531 2425 1824 2489 lectione:
1888 2445 2059 2508 „eum
2116 2425 2341 2489 elusa
2386 2425 2724 2489 deoeteriore
2770 2445 2965 2489 cornu

538 2531 686 2612 legio
746 2530 1093 2608 Rmnana“,
1157 2534 1219 2593 et
1279 2549 1351 2593 ex
1413 2534 1625 2613 aperta
1692 2531 2155 2611 interpolatione
2221 2531 2281 2593 in
2339 2531 2381 2595 J
2393 2532 2443 2593 Τ
2459 2534 2559 2593 H:
2634 2551 2811 2615 „eum
2872 2533 2964 2593 in

539 2637 875 2700 dexteriore
919 2656 1112 2700 cornu
1147 2634 1334 2715 pulsa
1379 2635 1528 2716 tegio
1573 2634 1922 2699 Romana‘fl
2011 2635 2356 2699 Lectionem
2403 2638 2480 2699 ab
2529 2637 2721 2699 altera
2770 2638 2963 2717 stirpe

537 2743 817 2805 codicum
837 2743 1168 2805 exhibitam
1191 2742 1371 2822 plane
1395 2759 1744 2822 perversam
1769 2760 1901 2803 esse
1929 2744 2100 2821 patet
2124 2742 2286 2804 enim
2308 2760 2378 2804 ex
2398 2741 2523 2804 Liv.
2540 2741 2834 2820 XXXVII
2855 2742 2964 2813 42,

535 2848 644 2910 ubi
688 2847 946 2911 refertur
988 2865 1108 2909 non
1155 2846 1456 2922 dextrum,
1515 2846 1622 2909 sed
1670 2846 1916 2909 laevum
1962 2864 2150 2909 cornu
2196 2845 2273 2909 ab
2318 2846 2635 2921 Antiocho,
2680 2847 2789 2927 qui
2834 2846 2965 2927 ipse

539 2955 673 3015 erat
715 2952 777 3014 in
823 2952 1048 3026 dextre,
1109 2951 1589 3014 circumclusum
1655 2953 1840 3031 atque
1894 2951 1961 3012 in
2017 2951 2231 3029 fugam
2277 2970 2521 3014 versum
2570 2970 2720 3015 esse.
2816 2950 2963 3014 Sine

539 3056 722 3120 dubio
767 3058 830 3119 in
874 3057 1145 3138 principe
1189 3057 1466 3118 omnium
1511 3054 1791 3118 codicum
1834 3055 1987 3117 illud
2037 3054 2176 3139 „irffi‘
2226 3038 2421 3122 textui
2477 3056 2962 3138 superscriptum

537 3165 694 3236 erat,
760 3162 966 3240 itaque
1033 3162 1100 3221 in
1167 3160 1416 3224 alterius
1483 3160 1749 3223 familiae
1812 3160 2219 3242 archetypum
2290 3159 2430 3244 „iffi
2502 3160 2711 3224 addita
2772 3161 2964 3223 inter-

537 3266 836 3347 polatione
901 3265 1202 3347 participii
1273 3263 1560 3349 „pulsa“‚
1631 3266 1697 3329 in
1758 3266 2010 3329 alterius
2076 3266 2311 3329 fontem
2390 3264 2640 3349 „elusa“
2713 3266 2961 3329 invasit.

537 3372 651 3435 Est
695 3372 806 3434 hoc
852 3373 1198 3452 exemplum
1253 3372 1636 3433 luculentum
1696 3389 2088 3433 communem
2134 3371 2424 3446 codicem,
2484 3390 2555 3433 ex
2610 3389 2729 3451 quo
2774 3370 2965 3435 fluxe-

539 3480 687 3539 runt
728 3476 866 3539 libri
918 3493 1112 3538 manu
1165 3474 1374 3555 scripti
1421 3474 1672 3537 secundi
1708 3475 1964 3554 generis»,
2020 3474 2099 3537 ab
2149 3475 2595 3557 interpolatore,
2646 3478 2719 3538 ut
2772 3477 2965 3539 etiam

434 3573 439 3575 ’
538 3580 696 3642 infra
725 3580 972 3643 uberius
1004 3580 1448 3655 demonstrabO,
1494 3579 1665 3643 foede
1708 3580 2103 3660 inquinatum
2149 3598 2299 3655 esse,
2347 3599 2490 3643 cum
2523 3578 2588 3655 G,
2635 3582 2707 3643 ut
2750 3583 2964 3662 postea

539 3685 900 3761 videbimUS,
960 3685 1158 3764 magis
1219 3684 1522 3748 scribendi
1568 3685 1870 3748 erroribus
1928 3703 2116 3766 quam
2172 3686 2514 3749 temerariis
2573 3686 2963 3748 librariorum

539 3790 902 3865 coniecturis
947 3791 1195 3853 laboret.

749 3930 952 3992 XXXI
1000 3931 1057 4005 8,
1089 3931 1148 4004 9,
1196 3930 1302 3992 ubi
1333 3932 1673 4004 enarratur,
1722 3930 2021 4011 quomodo
2062 3930 2323 3994 Romani
2364 3931 2661 3994 Antiocho
2722 3930 2961 3993 devicto

541 4053 606 4098 se
668 4035 993 4114 gesserint,
1063 4034 1313 4115 ‚Jeepius
1373 4037 1435 4097 et
1493 4034 1794 4097 Ruehlius
1854 4035 2045 4099 secuti
2066 4036 2070 4039 “
2104 4035 2154 4096 Τ
2173 4038 2251 4097 ΙΙ
2302 4036 2751 4099 restituendum
2827 4055 2962 4099 esse

541 4142 910 4219 putaverunt
928 4161 942 4201 ε
1047 4189 1085 4216 ,,
1099 4136 1331 4217 Captos
1403 4140 1677 4202 civitates
1746 4142 1909 4202 inter
1984 4140 2176 4203 socios
2237 4140 2515 4218 divisere,
2589 4160 2651 4202 m
2665 4160 2710 4202 u
2724 4159 2771 4201 n
2788 4162 2819 4203 e
2835 4162 2872 4202 r
2885 4143 2915 4204 i
2931 4162 2964 4202 s

548 4241 874 4306 Romani
937 4244 1320 4321 aptiorem
1367 4240 1639 4306 Asiam
1704 4264 1931 4323 quam
1979 4246 2549 4321 possessiones
2601 4243 2962 4323 volupta-
