3120 4920
1350 226 1432 288 35

177 438 531 502 immutavit
591 445 774 518 atque
821 455 894 500 ea
938 455 1019 511 re,
1069 453 1192 517 qua
1236 436 1310 499 de
1356 436 1558 500 vivida
1608 435 1878 500 oratione
1930 436 2197 498 multum
2246 425 2605 508 detrahitur,

180 544 367 607 verba
427 543 737 624 scriptoris
793 543 1078 624 corrupit.
1187 541 1592 605 Scribendum
1638 543 1759 616 est,
1820 543 1891 604 ut
1945 541 2184 622 opinor:
2259 537 2609 625 „Admonet

181 649 405 712 deinde
447 649 846 729 eoquationis’,
893 646 1109 728 leyum,
1157 666 1481 710 sacrorum
1525 647 1959 723 communium,
2006 650 2138 709 tum
2183 647 2404 708 vetusti
2446 649 2536 708 ete
2552 643 2603 707 “.
2678 647 2683 650 ’

181 753 314 832 Quo
358 754 520 816 facto
549 754 842 817 vocabulo
892 757 1069 836 „tum
1087 751 1116 786 ‘⁴
1166 752 1439 818 diversae
1484 751 1627 815 illae
1666 752 2001 815 sententiae
2034 753 2123 814 ita
2155 751 2607 832 disiunguntur,

180 863 265 934 ut,
324 878 482 940 quae
539 859 618 922 ad
662 877 878 939 pacem
935 859 1132 936 magis
1181 860 1476 938 spectant,
1543 859 1623 920 ab
1670 876 1757 932 eo,
1804 856 1963 937 quod
2011 856 2089 919 ad
2136 856 2366 920 bellum
2412 855 2611 919 solum

181 965 462 1045 pertinet,
510 968 884 1045 separentur.

391 1078 631 1141 Tertius
688 1079 856 1140 locus
917 1079 1118 1140 exstat
1174 1076 1378 1139 XXIX
1426 1079 1484 1152 3,
1515 1077 1577 1140 4.
1684 1077 1980 1141 Ruehlius
2038 1077 2189 1139 item
2246 1075 2609 1138 auctoritate

180 1185 219 1248 J
257 1183 563 1247 adductus
608 1183 873 1264 accepit:
939 1230 969 1265 „
988 1179 1182 1246 Feros
1225 1183 1424 1262 iyitur
1480 1183 1777 1246 victorum
1822 1183 2067 1245 animos
2108 1183 2324 1245 minus
2367 1179 2613 1260 quidem

184 1287 602 1352 Macedoniae
643 1305 833 1368 quam
883 1284 1186 1350 Graeciae
1229 1287 1549 1366 timendos,
1597 1289 1750 1367 quia
1795 1292 1851 1350 et
1892 1289 2176 1351 remotior
2220 1291 2279 1350 et
2317 1288 2389 1350 in
2433 1288 2565 1350 vin
2584 1323 2611 1333 -

183 1394 483 1458 dietam
526 1396 656 1456 sui
698 1392 1004 1456 robustior
1048 1391 1198 1455 sit“.
1291 1392 1432 1454 ΤΠ
1472 1393 1734 1456 habent:
1816 1395 2143 1476 „remotior
2188 1397 2245 1454 et
2284 1394 2515 1456 invicta
2560 1396 2615 1454 et

181 1498 554 1562 robustior“.
648 1499 860 1562 Potest
907 1499 1159 1578 cogitari
1205 1498 1354 1561 illud
1418 1499 1531 1581 „in
1577 1497 1913 1562 vindictam
1959 1498 2113 1562 sui“
2175 1499 2237 1561 in
2284 1498 2613 1580 archetypo

186 1605 225 1668 J
237 1604 389 1666 ΤΠ
424 1609 496 1668 ut
555 1604 869 1685 explicatio
916 1602 994 1665 ad
1044 1601 1439 1686 „robustior“
1491 1605 1836 1684 appositum
1885 1622 1921 1666 a
1968 1604 2165 1666 scriba
2210 1605 2250 1668 J
2299 1605 2616 1685 archetypi

185 1729 290 1790 pro
367 1707 688 1792 „invicta“
761 1711 824 1771 in
868 1711 1120 1771 >textum
1187 1712 1497 1789 receptum
1556 1727 1720 1773 esse.
1840 1708 2177 1792 „Invicta“
2250 1710 2615 1772 vocabulum

188 1816 358 1877 enim
402 1815 462 1877 in
494 1813 638 1876 ΤΠ
673 1833 791 1876 non
840 1815 1102 1894 peiorem
1149 1813 1400 1893 praebet
1447 1832 1715 1889 sensum,
1763 1815 1952 1876 immo
1984 1833 2121 1887 vero
2154 1815 2617 1878 commendatur

188 1921 398 1995 etiam,
455 1923 526 1982 ut
572 1919 809 2001 Ieepius
869 1920 1030 1980 recte
1091 1917 1256 1992 dicit,
1315 1917 1519 1979 XXIX
1566 1919 1625 1992 2,
1677 1920 1731 1990 7,
1793 1919 1897 1981 ubi
1956 1920 2257 1983 contraria
2314 1921 2618 1984 sententia

189 2026 350 2088 elata
409 2027 536 2088 est:
618 2073 647 2106 „
661 2021 1112 2086 Huiuscemodi
1171 2024 1446 2085 oratione
1501 2022 1747 2101 impulit
1805 2021 2181 2104 Philippum,
2245 2029 2317 2087 ut
2370 2027 2618 2088 omissis

189 2127 425 2192 Aetolis
468 2128 684 2192 bellum
731 2127 1039 2191 Romanis
1081 2129 1359 2206 inferret,
1407 2131 1625 2191 minus
1670 2131 1899 2209 neyotii
1943 2131 2413 2207 ewistimantem,
2458 2130 2622 2210 quod

189 2237 319 2298 iam
374 2237 560 2297 victos
605 2253 704 2302 eos
748 2232 825 2294 ab
870 2230 1234 2295 Hannibale
1291 2233 1466 2310 apud
1513 2231 1955 2297 Trasimenum
2012 2234 2215 2298 laeum
2259 2236 2553 2298 audierat
2566 2233 2617 2296 “.

191 2340 398 2402 Etiam
458 2339 708 2419 aliquiS,
777 2338 875 2400 cui
939 2339 1121 2400 verba
1182 2339 1244 2399 in
1306 2337 1450 2398 ΤΠ
1498 2339 1826 2403 memoriae
1889 2339 2126 2420 prodita
2182 2359 2303 2402 non
2361 2341 2620 2421 placent,

191 2464 410 2525 ponere
480 2446 680 2525 potest
751 2443 1116 2525 scripturam
1172 2443 1212 2507 J
1275 2462 1407 2507 esse
1476 2443 1857 2523 ingeniosam
1918 2444 2431 2523 emendationem,
2499 2464 2621 2526 qua

189 2569 407 2613 verum
453 2552 804 2613 revocatum
853 2549 948 2612 sit.

401 2662 541 2725 Non
602 2664 802 2725 maius
864 2680 1053 2742 quam
1106 2661 1596 2742 interpolationes
1654 2663 1815 2725 valet
1860 2680 2094 2741 magna
2155 2682 2297 2743 pars
2344 2683 2623 2726 commu-

191 2769 366 2830 nium
413 2769 792 2841 lacunarum,
839 2766 1428 2847 quaereperiuntur
1470 2767 1532 2827 in
1564 2766 1720 2830 TH.
1813 2766 2019 2829 Etiam
2063 2768 2179 2842 hio,
2228 2787 2302 2829 ne
2346 2787 2623 2850 perscru-

195 2874 348 2936 tatio
394 2891 535 2935 mea
582 2872 832 2934 modum
881 2870 1150 2943 excedat,
1199 2870 1272 2933 de
1304 2890 1423 2932 non
1457 2872 1640 2933 nullis
1674 2872 1853 2934 modo
1896 2874 2182 2954 exemplis
2228 2873 2407 2954 paulo
2446 2891 2624 2937 accu-

193 2979 482 3040 ratiorem
529 2977 950 3057 quaestionem
990 2974 1234 3049 habere,
1281 2979 1512 3038 ceteros
1560 2976 1720 3037 locos
1768 2978 2031 3039 strictim
2078 2980 2323 3040 tantum
2372 2997 2624 3042 enume—

195 3101 330 3145 rare
385 3082 538 3144 mihi
583 3083 646 3143 in
705 3082 911 3143 animo
959 3085 1068 3142 est.

405 3186 496 3248 XI
552 3187 612 3261 4,
663 3187 736 3247 11
821 3185 1064 3265 scripsit
1138 3184 1431 3247 Ruehlius
1511 3185 1684 3247 nisus
1761 3186 1877 3249 fide
1952 3187 2025 3251 J:
2121 3189 2375 3271 „Quam
2447 3186 2618 3251 rem“

200 3292 624 3371 (Athenienses
681 3292 902 3353 dirutis
962 3289 1184 3352 Thebis
1243 3289 1526 3370 profugos
1588 3290 1917 3372 excepisse)
1980 3294 2113 3375 „ita
2171 3296 2443 3373 yraviter
2485 3294 2627 3357 tulit

197 3393 579 3473 Alexander,
642 3399 713 3459 ut
771 3394 1050 3459 secunda
1109 3394 1402 3481 leyatione
1459 3394 1662 3458 denuo
1720 3394 1935 3458 bellum
2002 3396 2470 3475 deprecantibus
2533 3400 2624 3461 ita

200 3502 445 3565 demum
508 3502 832 3577 remiserit,
903 3504 975 3563 ut
1037 3504 1306 3562 oratores
1379 3504 1434 3562 et
1500 3500 1707 3579 duwe,
1774 3521 2035 3580 quorum
2096 3494 2335 3581 fiducia
2408 3505 2624 3567 totiens

197 3605 507 3683 rebellent,
599 3605 717 3669 sibi
805 3604 1155 3680 dedantur,·
1237 3606 1610 3683 paratisque
1683 3602 2171 3669 Atheniensibus
2187 3658 2203 3683 ,
2294 3628 2373 3670 ne
2446 3607 2537 3669 ha
2554 3629 2626 3671 ee

200 3715 518 3792 eoqantur,
577 3710 784 3773 subire
828 3708 1061 3787 bellum,
1121 3728 1186 3771 eo
1229 3728 1330 3771 res
1388 3708 1649 3771 deducta
1694 3713 1801 3782 est,
1865 3713 1935 3772 ut
1985 3713 2238 3773 retentis
2282 3711 2442 3775 eto.“.
2550 3714 2624 3776 In

199 3817 349 3878 ΤΠ
384 3815 535 3878 illud
586 3814 821 3900 „haee“
873 3834 988 3876 non
1037 3814 1305 3876 traditur
1349 3818 1532 3894 atque
1579 3817 1741 3877 recte
1788 3814 2055 3895 quidem,
2113 3834 2258 3878 cum
2302 3817 2405 3879 illo
2450 3836 2625 3881 voca-

206 3922 376 3984 bulo,
407 3921 781 4001 repugnante
838 3937 1042 3982 rerum
1104 3922 1420 3995 gestarum
1481 3920 1775 3983 memoria
1834 3919 2140 3983 sententia
2201 3922 2448 3985 omnino
2493 3942 2627 4004 per-

204 4027 501 4089 turbetur.
606 4024 895 4087 Historici
941 4023 1104 4085 enim
1151 4040 1282 4084 rem
1327 4022 1414 4084 ita
1460 4026 1741 4086 narrant:
1814 4022 1971 4087 Cum
2018 4024 2359 4089 Alexander
2400 4026 2624 4091 Thebis

209 4131 332 4193 solo
377 4130 655 4210 aequatis
702 4129 1102 4191 Athenienses
1145 4144 1358 4191 omnes
1405 4130 1671 4191 oratores
1726 4131 1788 4191 et
1834 4130 2019 4194 duces
2067 4130 2285 4194 dedere
2328 4132 2625 4208 iussisset,

205 4252 431 4313 magna
516 4234 746 4297 civium
827 4230 1234 4295 consternatio
1312 4231 1476 4294 facta
1551 4234 1663 4295 est.
1783 4234 2096 4298 Postremo
2170 4237 2626 4301 consulentibus

2164 4337 2239 4391 3*
