3120 4920
1703 226 1783 288 18

743 433 992 497 Praeter
1036 433 1144 496 hos
1191 434 1354 498 locos
1400 435 1589 497 etiam
1651 434 1754 498 alii
1800 435 1983 498 multi
2029 435 2367 516 proferendi
2412 438 2573 511 sunt,
2622 435 2682 498 in
2728 437 2951 516 quibus

532 540 744 602 melior
789 541 1088 620 scriptura
1134 539 1200 602 in
1239 538 1285 602 C
1325 539 1607 614 traditur,
1655 542 1891 604 ceterae
1936 540 2217 604 codicum
2262 542 2488 604 classes
2535 544 2748 605 autem
2794 543 2956 604 inter

531 665 596 708 se
643 645 1008 726 discrepant,
1053 645 1142 708 ita
1185 648 1272 720 ut,
1323 664 1479 726 quae
1527 646 1609 708 sit
1654 646 1831 709 lectio
1877 645 2127 727 quidem
2184 665 2403 710 earum
2450 648 2784 729 archetypi,
2850 666 2952 728 pro

529 754 692 814 certo
739 751 1032 814 affirmari
1079 769 1200 813 non
1245 751 1454 831 possit,
1499 752 1907 832 corruptelam
1955 755 2165 815 tamen
2212 752 2337 814 iam
2382 753 2446 814 in
2492 753 2605 816 hoc
2638 754 2953 816 communi

529 875 744 919 earum
787 856 951 919 fonte
998 857 1299 920 exstitisse
1345 859 1653 937 appareat.

739 979 884 1042 XIX
931 981 988 1053 3,
1023 981 1080 1042 6.
1151 979 1434 1053 HimilcO,
1493 980 1616 1042 dux
1660 977 2280 1059 Carthaginiensium,
2320 986 2642 1062 postquam
2684 982 2952 1044 exercitu

528 1086 873 1168 pestilentia
919 1085 1144 1148 amisso
1191 1085 1252 1148 in
1299 1085 1563 1166 patriam
1608 1103 1886 1150 reversus
1934 1087 2095 1148 cives
2141 1105 2209 1149 eo
2258 1087 2435 1150 solari
2484 1087 2740 1160 studuit,
2790 1087 2950 1167 quod

526 1193 731 1254 hostes
771 1211 835 1254 se
870 1192 1086 1254 vicisse
1124 1191 1366 1270 gloriari
1400 1209 1519 1253 non
1566 1209 1740 1272 posse
1784 1191 1951 1266 dixit,
2000 1192 2291 1255 subiecit:
2340 1190 2949 1272 „Praedamque,

525 1301 791 1378 quam“
842 1295 940 1378 (C)
988 1295 1256 1373 „relictis
1299 1317 1343 1359 a
1383 1316 1448 1359 se
1493 1298 1721 1359 eastris
1754 1295 2133 1374 abstulerint,
2180 1315 2307 1359 non
2344 1316 2477 1359 esse
2515 1295 2714 1374 talem,
2760 1317 2952 1376 quam

525 1402 682 1466 velut
743 1401 1001 1482 spolium
1056 1403 1200 1464 victi
1254 1400 1445 1464 hostis
1500 1405 1825 1479 ostentent,
1899 1402 2009 1464 secl
2065 1422 2253 1482 quam
2306 1404 2690 1480 possessione
2748 1422 2951 1466 vacua

526 1509 799 1587 fortuitis
837 1508 1223 1571 dominorum
1258 1505 1551 1571 mortibus
1584 1509 1767 1570 sicuti
1800 1507 2038 1570 caduca
2074 1509 2496 1586 occuparint‘fi
2564 1507 2691 1570 Scri
2699 1512 2977 1590 pturam.

526 1615 576 1676 Τ
597 1618 674 1676 Π
725 1614 1116 1692 „praedam“
1177 1631 1297 1676 non
1364 1614 1651 1694 praebere
1720 1613 1972 1693 probam
2041 1614 2406 1676 sententiam
2478 1632 2584 1694 per
2644 1633 2709 1677 se
2772 1613 2953 1676 facile

526 1705 901 1802 perspicitur.
1006 1719 1080 1782 In
1138 1719 1393 1781 lectione
1451 1718 1493 1782 J
1538 1717 1694 1795 „sed
1738 1717 2049 1796 praedam
2104 1723 2519 1800 quamquam“
2565 1721 2777 1782 autem
2824 1738 2949 1782 non

419 1861 428 1872 ·
527 1826 708 1888 modo
769 1825 1046 1906 displicet
1099 1824 1398 1905 particula
1459 1824 1841 1887 adversativa
1901 1823 2123 1901 ‚,secl“,
2197 1843 2339 1887 cum
2398 1843 2520 1886 non
2575 1825 2951 1887 contrarium

527 1931 854 2012 quoddam,
900 1948 1113 1993 verum
1158 1949 1316 1993 nova
1363 1948 1569 2003 causa,
1617 1948 1804 2010 quare
1850 1930 2052 1993 hostes
2114 1930 2283 1992 clade
2342 1930 2686 1993 Poenorum
2749 1949 2951 2011 neque

525 2038 790 2119 gaudere
822 2056 1020 2118 neque
1051 2036 1294 2116 gloriari
1324 2035 1579 2116 possint,
1620 2035 1899 2110 addatur,
1943 2035 2049 2098 sed
2081 2035 2269 2097 etiam
2304 2035 2645 2099 coniunctio
2676 2057 2951 2116 „quam-

526 2147 774 2225 quam“,
822 2161 980 2223 quae
1025 2142 1254 2222 pariter
1300 2141 1749 2204 sententiarum
1796 2143 2146 2204 contextum
2194 2142 2521 2222 perturbet.

736 2268 852 2331 XX
900 2268 957 2342 5,
995 2268 1048 2330 1.
1113 2264 1359 2346 „Iyitur
1402 2262 1758 2344 Dionysius
1802 2269 2133 2344 tyrannuS,
2180 2285 2359 2345 quem
2403 2283 2600 2343 supra
2642 2287 2682 2327 a
2727 2263 2951 2328 Sicilia

525 2376 858 2439 exereitum
901 2375 972 2436 in
1002 2371 1256 2435 Italiam
1298 2371 1617 2433 traiecisse
1661 2369 1990 2450 bellumque
2025 2367 2287 2432 Graecis
2324 2369 2611 2433 intulisse
2648 2391 2949 2434 memora-

523 2484 745 2559 vimuS,
791 2479 1158 2559 expuqnatis
1189 2475 1407 2539 Locris
1461 2474 1885 2539 Crotonienses
1929 2477 2036 2539 vix
2078 2476 2241 2538 vires
2285 2496 2377 2539 ea:
2420 2476 2541 2539 lon
2552 2497 2637 2557 90
2682 2478 2837 2539 otio
2881 2481 2954 2539 et

516 2588 750 2667 prioris
806 2584 938 2649 belli
989 2582 1159 2647 clade
1215 2585 1595 2644 resumentes
1650 2581 2027 2662 ayqreditur,
2087 2582 2196 2659 qui
2248 2580 2473 2660 fortius
2532 2601 2671 2643 eum
2722 2583 2950 2661 paucis

524 2696 694 2757 tanto
739 2690 1032 2754 exercitui
1077 2690 1210 2751 eius
1252 2707 1442 2768 quam
1484 2690 1673 2749 antea
1712 2706 1850 2749 cum
1889 2690 1972 2749 tot
2011 2684 2256 2749 milibus
2285 2685 2688 2749 Locrensium
2717 2689 2947 2765 pauci-

523 2800 637 2861 tati
679 2798 1036 2860 restiterunt
1049 2798 1106 2853 “.
1187 2792 1288 2855 Sic
1332 2792 1555 2871 legitur
1601 2792 1665 2853 in
1705 2789 1769 2866 C,
1814 2791 1856 2855 J
1893 2790 2142 2873 praebet
2180 2810 2285 2873 pro
2324 2811 2440 2869 „ex
2474 2790 2645 2872 lonyo
2682 2793 2799 2855 otio
2836 2796 2891 2855 et
2906 2797 2948 2825 “

523 2903 736 2984 „lonyo
779 2903 894 2965 otio
939 2903 1064 2977 et“,
1107 2898 1251 2960 ΤΠ
1291 2895 1498 2981 „lonyo
1541 2898 1657 2959 otio
1702 2895 1836 2959 ex“.
1942 2898 2340 2975 Argumenta,
2388 2896 2608 2977 quibus
2654 2896 2947 2960 commoti

523 3010 891 3091 scripturam
919 3003 964 3068 C
997 3006 1303 3085 praestare
1335 3003 1779 3075 existimamuS,
1813 3002 1941 3063 iam
1966 3001 2261 3063 Ruehlius
2295 3002 2506 3064 attulit
2528 3002 2593 3063 in
2616 3001 2944 3082 Textesqu.

521 3134 657 3197 pag.
709 3113 888 3175 124.1

731 3232 942 3299 XXIII
977 3234 1037 3308 2,
1063 3232 1101 3293 6
1137 3230 1316 3293 unice
1352 3229 1416 3292 in
1451 3227 1496 3291 O
1527 3248 1755 3292 nomen
1796 3229 1999 3291 uxoris
2030 3228 2383 3307 Agathoclis
2420 3231 2583 3292 recte
2624 3233 2942 3293 servatum

521 3347 631 3407 est.
722 3340 929 3403 Habet
973 3337 1137 3401 enim
1183 3336 1285 3398 ille
1340 3334 1528 3397 codex
1574 3332 2074 3410 „Theooeenam“‚
2134 3350 2278 3395 cum
2334 3332 2376 3396 J
2435 3332 2941 3413 „Theoneoeam“,

518 3450 570 3511 T
615 3446 1033 3527 „Teoeenam“‚
1099 3444 1177 3502 Π
1213 3439 1382 3502 varia
1441 3439 1781 3501 exhibeant.
1873 3438 2159 3500 Formam
2222 3438 2283 3499 in
2342 3436 2387 3500 C
2446 3438 2741 3502 traditam
2805 3425 2941 3503 esse

520 3572 729 3618 veram
773 3552 1040 3614 testatur
1084 3563 1374 3625 graecum
1420 3562 1643 3606 nomen
1698 3539 1969 3627 Θεοξένη
2014 3545 2075 3605 et
2120 3542 2243 3605 Liv.
2291 3541 2398 3604 XL
2444 3543 2503 3617 4,
2538 3545 2596 3605 2.

729 3671 990 3737 XXXIX
1036 3672 1094 3745 2,
1133 3670 1188 3731 7.
1273 3666 1618 3730 Lectionem
1678 3663 1725 3728 o
1785 3662 2116 3745 „Grypos“
2186 3654 2482 3749 (γρυπὸς,
2557 3666 2939 3744 germanice:

525 3776 954 3867 „Adlernase“)
1004 3773 1402 3853 comprobant
1448 3770 1611 3832 Plut.
1658 3770 1813 3831 Mar.
1865 3769 1896 3830 1
1950 3772 2012 3831 et
2055 3770 2351 3833 Athenae.
2415 3769 2503 3832 IV
2552 3770 2771 3846 153‚b.
2864 3771 2938 3834 In

517 3889 559 3953 J
574 3888 624 3949 Τ
672 3886 966 3966 scriptum
1014 3878 1273 3958 legimus
1320 3872 1724 3954 „Gryphus“,
1769 3874 1834 3936 in
1883 3876 1963 3935 Π
1998 3869 2341 3953 „Gripus“.

735 4090 750 4119 ¹
788 4086 865 4139 Ut
888 4086 974 4137 hic
1000 4084 1276 4137 lectionem
1303 4100 1370 4135 ex
1394 4082 1434 4135 Τ
1450 4088 1511 4133 Π
1523 4098 1615 4149 pro
1640 4081 1901 4147 scriptura
1924 4079 2198 4148 archetypi
2222 4082 2439 4133 secundi
2466 4082 2669 4150 generis
2694 4082 2939 4135 codicum

518 4190 619 4227 non
646 4174 918 4240 accipiam,
957 4188 1020 4225 ea
1041 4188 1098 4224 re
1124 4171 1367 4237 adducor,
1395 4170 1534 4237 quod
1560 4169 1871 4237 compendia
1896 4167 2206 4221 vocularum
2232 4173 2351 4231 ‚‚et“
2376 4170 2430 4221 et
2461 4174 2596 4232 „eoe“
2628 4169 2940 4237 saepissime

517 4262 574 4313 in
610 4261 755 4313 libris
792 4277 954 4313 manu
990 4258 1200 4326 scriptis
1237 4258 1643 4311 commutantur.
