3120 4920
1387 187 1464 248 31

195 395 468 460 alteri
521 397 698 460 utri
743 416 832 458 ex
877 393 1131 474 filiis,
1184 414 1394 474 quem
1451 393 1593 458 illa
1636 394 2051 476 eleqisset,
2094 395 2360 475 relict0“,
2408 417 2551 461 cum
2598 397 2645 462 O

195 503 536 565 exhibeat:
606 503 780 584 „abr-z·
821 499 930 564 illa
975 521 1050 563 ex
1090 499 1243 578 siliis
1287 499 1560 588 eleyisset
1573 498 1624 575 α,
1668 500 1709 564 J
1726 500 1809 562 T:
1862 500 2083 584 „alteri
2127 523 2203 565 esc
2252 501 2425 582 filiis,
2472 524 2651 583 quem

197 606 327 670 illa
379 606 618 688 leyisset
633 605 686 684 “,
739 609 835 668 H:
887 605 1110 689 „alteri
1153 626 1230 667 ea:
1269 604 1440 684 filiis,
1487 626 1667 685 quem
1726 607 1867 684 ipsa
1912 606 2253 688 eleyisseffi.
2346 607 2648 686 Quoniam

195 716 428 776 autem
493 711 720 796 „altero
765 710 947 774 utr0“
998 711 1275 774 Iustinus
1338 730 1649 792 nusquam
1694 712 1910 787 utitur,
1973 732 2187 776 verum
2244 714 2461 778 similis
2509 735 2649 778 con-

195 819 493 893 structi0,
551 821 735 898 atque
801 815 848 879 C
906 817 1185 898 praebet,
1243 817 1432 880 etiam
1493 816 1640 879 VIII
1689 818 1747 892 4,
1799 819 1878 878 10
1940 819 2266 900 reperitur,
2325 821 2477 883 ratio
2540 841 2646 883 nos

195 925 389 987 iubet
446 923 628 986 huius
693 922 914 986 codicis
971 923 1294 986 lectionem
1350 923 1470 984 leni
1529 925 1873 986 correctura
1938 923 2152 1006 „utrffl
2208 925 2272 986 in
2338 927 2642 1008 „utrunffl

196 1032 458 1092 mutato
504 1029 782 1109 recipere.

430 1152 567 1214 XLI
621 1153 673 1226 1,
711 1153 746 1215 7
793 1152 857 1214 in
904 1151 1167 1214 editione
1206 1152 1453 1217 Ruehlii
1499 1152 1797 1232 scriptum
1844 1152 2223 1216 invenimus:
2275 1151 2385 1238 „A
2419 1153 2647 1218 Roma-

196 1259 323 1321 nis
371 1277 608 1336 quoque
652 1257 844 1319 trinis
887 1255 1052 1320 bellis
1068 1277 1188 1335 per
1217 1258 1520 1320 mamimos
1566 1256 1753 1320 duces
1778 1256 2237 1335 florentissimis
2282 1260 2647 1339 temporibus

196 1361 531 1425 lacessiti“
569 1361 720 1443 (scil.
757 1363 991 1445 Parthi)
1045 1362 1204 1445 „soli
1233 1383 1309 1424 ea:
1337 1361 1622 1425 omnibus
1650 1362 1935 1443 yentibus
1962 1383 2117 1426 non
2137 1385 2334 1442 pares
2364 1364 2485 1427 sol
2494 1387 2607 1428 um
2627 1417 2643 1444 ,

196 1489 430 1530 verum
473 1469 658 1530 etiam
711 1469 964 1530 victores
1007 1465 1234 1545 fuere.“
1332 1466 1377 1530 C
1423 1469 1611 1530 habet
1654 1469 1943 1531 rariorem
1991 1470 2272 1550 loquendi
2318 1470 2644 1534 formulam

204 1593 420 1658 „non
473 1576 804 1650 tantum,
864 1593 1138 1636 verum
1193 1572 1499 1648 etiam“,
1562 1576 1633 1636 ut
1690 1593 1807 1636 non
1864 1575 2043 1638 aliter
2104 1578 2304 1638 exstat
2361 1577 2414 1638 V
2480 1579 2644 1652 1,3;

201 1679 337 1742 VII
383 1679 443 1754 4,
481 1680 550 1752 13
597 1678 921 1741 XXXVIII
968 1681 1027 1754 9,
1063 1680 1118 1741 7.
1183 1679 1325 1742 Mea
1367 1680 1671 1743 sententia
1712 1680 1865 1742 haec
1908 1681 2084 1744 lectio
2130 1682 2224 1744 vel
2272 1685 2512 1763 propter
2557 1683 2647 1744 in-

202 1785 538 1848 solentiam
587 1802 900 1847 summam
945 1785 1069 1846 veri
1117 1785 1380 1865 speciem
1427 1785 1633 1848 habet.

435 1908 710 1989 Reliquis
757 1908 925 1982 lociS,
973 1907 1075 1970 ubi
1123 1907 1186 1970 in
1221 1906 1266 1971 C
1315 1911 1376 1971 et
1423 1909 1639 1970 ceteris
1672 1909 1977 1971 codicibus
2010 1910 2271 1974 varietas
2316 1912 2646 1975 lectionum

206 2014 513 2076 adnotata
559 2016 670 2088 est,
717 2032 929 2076 meum
979 2013 1278 2076 iudicium
1327 2033 1467 2076 cum
1515 2013 1759 2076 Ruehlii
1805 2015 2035 2078 ratione
2082 2017 2401 2079 consentit.

946 2452 951 2457 .
983 2491 1340 2564 Pars
1414 2492 1873 2565 altera.

727 2660 906 2729 (luae
959 2662 1132 2730 ratio
1182 2662 1559 2731 intercedat
1606 2662 1779 2731 inter
1826 2664 1885 2739 J,
1930 2664 2000 2739 Τ,
2052 2667 2138 2727 Π.
2234 2718 2237 2721 .

429 2836 596 2901 Inter
640 2838 918 2901 codicum
965 2840 1188 2903 classes
1237 2839 1485 2901 secundi
1531 2841 1771 2917 generis
1816 2840 2139 2914 RuehliuS,
2184 2843 2255 2902 ut
2300 2840 2423 2903 iam
2471 2820 2644 2905 initio

211 2944 757 3006 commentationis
802 2962 978 3007 meae
1026 2944 1163 3020 dixi,
1220 2944 1270 3006 T
1316 2947 1377 3006 et
1425 2946 1504 3005 Π
1542 2944 1763 3007 artiore
1809 2944 2050 3007 vinculo
2111 2946 2465 3009 coniunctas
2512 2965 2645 3009 esse

207 3048 576 3111 existimans
634 3049 861 3112 iterum
915 3049 1070 3112 duas
1130 3050 1508 3113 recensiones
1553 3049 1888 3124 discernit,
1950 3068 2214 3129 quarum
2277 3052 2471 3113 altera
2525 3051 2644 3113 illis

208 3152 479 3227 duabUS,
526 3154 717 3217 altera
760 3154 942 3217 tertia
988 3154 1183 3217 classe
1230 3153 1546 3227 efficiatur,
1596 3158 1781 3234 atque
1824 3155 2150 3235 archetypo
2182 3154 2325 3235 ΤΠ
2346 3154 2642 3218 minorem

207 3256 403 3321 fidem
458 3259 522 3320 in
568 3259 764 3322 verbis
813 3258 1034 3322 Iustini
1091 3258 1170 3321 ad
1214 3258 1635 3338 integritatem
1688 3259 2040 3321 revocandis
2087 3259 2303 3322 tribuit
2349 3279 2538 3340 quam
2582 3261 2643 3325 J.

211 3364 485 3444 Apparet
537 3365 688 3427 haec
749 3368 810 3428 et
868 3384 938 3427 ex
993 3365 1194 3427 verbis
1251 3364 1397 3445 ipsis
1451 3363 1707 3445 praefat.
1757 3364 1848 3428 ed.
1898 3383 1944 3427 s.
1992 3364 2152 3445 (pag.
2199 3363 2352 3426 XIII
2398 3368 2459 3427 et
2501 3364 2639 3447 XV)

214 3471 280 3531 et
325 3486 396 3530 ex
443 3487 528 3543 60,
586 3469 748 3550 quod
793 3470 1076 3533 omnibus
1125 3471 1247 3533 fere
1293 3470 1457 3544 locis,
1517 3470 1582 3532 in
1630 3470 1853 3550 quibus
1899 3488 2231 3533 consensus
2275 3468 2422 3532 ΤΠ
2458 3469 2645 3532 adno-

214 3575 386 3635 tatus
451 3577 545 3636 est
603 3578 815 3637 contra
859 3575 919 3649 J,
980 3574 1164 3637 huius
1223 3574 1435 3636 classis
1497 3574 1929 3637 auctoritatem
1991 3574 2283 3655 sequitur.
2389 3574 2485 3637 Ad
2530 3574 2643 3637 hoc

213 3678 516 3741 iudicium
562 3678 863 3743 adductus
909 3679 1149 3742 videtur
1195 3679 1420 3760 apertis
1465 3678 2052 3759 interpolationibUS,
2098 3679 2321 3759 quibus
2366 3679 2417 3740 Τ
2462 3682 2524 3741 et
2572 3682 2652 3741 H

217 3787 637 3863 congruerent.
749 3782 1171 3847 Consideranti
1232 3784 1419 3864 igitur
1476 3783 1632 3845 mihi
1679 3782 1951 3861 singulos
1997 3782 2175 3859 locOS,
2234 3784 2343 3863 ubi
2386 3783 2641 3847 forsitan

218 3888 440 3969 aliquis
487 3888 807 3952 lectionem
835 3887 885 3950 Τ
905 3892 983 3951 Π
1018 3889 1448 3969 interpolatam
1496 3908 1629 3953 esse
1676 3888 1963 3950 arbitrari
2007 3888 2215 3969 possit,
2251 3890 2347 3952 vel
2377 3889 2642 3952 maxime

215 3992 378 4055 hanc
438 3992 842 4073 suspicionem
901 3992 1312 4073 discrepantes
1373 3993 1708 4074 scripturae
1733 3993 1817 4065 ‚in
1863 3992 1894 4054 Ι
1932 3993 1988 4067 1,
2026 3994 2061 4055 7
2108 3993 2251 4055 111116
2296 3993 2419 4055 viro
2466 3992 2639 4055 docto

214 4098 480 4160 movisse
538 4097 836 4161 videntur.
946 4096 1145 4175 Quem
1202 4099 1406 4160 locum
1464 4114 1603 4159 eam
1658 4098 1733 4160 ob
1795 4115 1925 4161 rem
1983 4097 2163 4177 paulo
2227 4097 2487 4177 longiore
2546 4098 2643 4161 in-

211 4201 616 4281 vestigatione
663 4202 920 4283 dignum
965 4202 1193 4283 putavi.
1716 4222 1720 4227 ¹
